2736 4352
531 277 730 339 PHORMIO
1109 279 1153 338 II.
1173 277 1207 337 iii

142 421 224 488 PH.
249 422 404 501 hahahao,
421 423 516 489 homo
532 425 649 489 suauis.
688 424 770 490 DE.
787 425 953 510 quidest?
976 447 1054 490 num
1077 423 1136 490 ini-

278 545 374 607 quom
390 523 541 608 postulo?

140 644 181 686 an
196 646 238 687 ne
255 621 315 687 hoc
330 622 459 708 quidem
475 646 535 709 ego
551 623 711 710 adipiscar
726 625 813 710 quod
828 624 878 689 ius
893 623 1111 710 poblicumst?
1171 639 1207 691 65

140 723 223 789 PH
241 722 310 788 itan
327 723 467 802 tondem,
486 747 615 809 quaeso,
635 724 713 790 item
731 725 769 790 ot
790 725 988 790 meretricem
1009 723 1066 790 ubi
1086 723 1140 790 eb·

277 823 356 888 risus
375 822 429 902 sis,

140 924 316 990 mercodem
332 924 410 989 dare
426 923 479 988 lex
495 924 585 989 hibet
600 929 634 989 ei'
649 933 746 1010 etque
762 927 935 990 amittere?

62 1023 117 1090 415
140 1048 191 1103 en,
207 1034 246 1090 ut
262 1025 303 1090 no
319 1024 398 1110 quid
413 1033 509 1110 turpe
524 1025 605 1088 ciuis
622 1025 656 1088 in
672 1048 705 1089 se
722 1026 907 1090 admitteret

140 1126 272 1211 proptor
288 1133 474 1210 egestatem,
491 1123 647 1211 proxumo
663 1125 781 1190 iussost
795 1125 876 1202 dori,

140 1235 176 1291 ut
192 1249 266 1290 cum
283 1226 347 1290 ono
363 1235 500 1312 aetatem
518 1226 672 1312 dogeret?
694 1226 780 1310 quod
795 1225 832 1289 tri
849 1233 950 1290 uetes.
1017 1265 1020 1270 ·
1172 1239 1209 1294 70

141 1327 221 1392 DE.
239 1327 297 1405 ita,
313 1327 470 1412 proxumo
486 1327 634 1413 quidem3
659 1326 692 1392 ot
708 1349 766 1391 nos
783 1326 889 1391 unde?
912 1333 969 1390 eut
984 1345 1082 1410 quam
1097 1323 1139 1390 ob
1159 1321 1161 1327 ⁴

160 1431 162 1438 '
278 1429 372 1491 rem?
418 1427 501 1493 PH.
519 1428 590 1504 ohe,
926 1431 928 1438 ’

141 1528 285 1592 ‘actum’
303 1527 397 1593 oiunt
414 1541 471 1592 ‘ne
487 1528 584 1613 agas!
618 1526 699 1591 DE.
721 1525 786 1590 non
802 1528 916 1612 agam?
939 1526 1038 1590 immo
1052 1525 1140 1592 haud
1180 1530 1182 1536 ’

278 1627 431 1705 dosinam,

62 1725 118 1790 420
141 1727 239 1792 donoc
255 1728 419 1812 perfecero
435 1727 505 1792 hoc.
539 1728 621 1792 PH.
638 1726 767 1813 ineptis.
794 1727 882 1792 DE.
900 1727 968 1792 sine
984 1726 1088 1792 modo.

141 1829 223 1893 PH.
240 1828 401 1912 postromo
417 1836 522 1892 tecum
538 1829 586 1892 nss
601 1827 648 1892 rei
664 1827 767 1906 nobie,
784 1825 955 1913 Demipho,
971 1835 1039 1892 est:
1088 1829 1093 1834 ’

140 1936 212 1992 tuos
228 1929 278 1993 ost
293 1927 464 1992 damnatus
479 1927 607 2012 gnotuS,
623 1951 689 1991 non
706 1937 763 2004 tu3
786 1928 862 1991 nom
878 1936 937 1992 tuo
1126 1943 1131 1954 ¹
1173 1927 1208 1996 'io

140 2027 348 2112 praeterierat
364 2027 428 2092 iam
444 2028 485 2092 ad
501 2028 682 2092 docendum
699 2036 797 2093 aetas.
830 2027 912 2092 DE.
929 2026 1037 2092 omnia
1052 2027 1132 2093 haec

140 2127 231 2191 illom
247 2135 361 2213 putato
377 2150 459 2212 quae
475 2128 533 2212 ogo
549 2151 636 2192 nunc
652 2129 724 2193 dico
740 2129 845 2192 dicere
858 2152 866 2202 ;

62 2225 117 2292 425
140 2237 196 2292 eut
212 2228 342 2313 quidem
359 2249 430 2292 eum
447 2250 548 2292 uxore
564 2228 624 2292 hec
639 2228 746 2314 ipsum
760 2227 937 2314 prohibebo
953 2227 1058 2292 domo.

140 2327 216 2394 GE.
234 2327 337 2392 irotus
352 2335 411 2392 est.
444 2328 527 2393 PH.
546 2335 582 2392 tu
598 2328 630 2392 to
647 2328 731 2392 idem
747 2326 861 2392 melius
877 2327 1013 2418 soceris)

141 2427 222 2492 DE.
240 2427 309 2492 iton
325 2428 358 2492 oe
373 2436 506 2512 paratus
521 2428 629 2492 ficere
646 2451 697 2492 me
713 2429 886 2492 arluorsum
902 2427 1020 2505 omnia,
1173 2439 1208 2494 80

140 2527 278 2593 infolix?
309 2527 392 2593 PH.
410 2527 525 2592 metuit
542 2529 678 2606 hierico,
695 2536 761 2592 tam
778 2529 838 2593 etsi
855 2527 965 2592 sodulo

141 2627 330 2692 dissimulat.
366 2627 442 2694 GE.
460 2627 541 2693 bene
552 2628 674 2694 hebent
686 2629 746 2693 tibi
758 2627 928 2716 principie.
960 2626 1045 2693 PH.
1061 2623 1140 2714 quin
1183 2655 1185 2660 ·

277 2727 362 2812 quod
378 2736 427 2792 est
586 2738 595 2748 '

63 2823 118 2889 430
138 2826 311 2891 ferondum
327 2827 419 2892 fers?
464 2827 530 2892 tuis
546 2827 680 2914 dignum
696 2829 792 2894 factis
809 2827 933 2905 soceris,

140 2934 176 2991 ut
187 2927 283 2992 amici
298 2927 383 2991 inter
398 2949 457 2992 noe
473 2927 582 2992 simus.
616 2928 696 2994 DE.
714 2951 796 3014 egon
812 2937 901 2992 tuem
917 2927 1066 3012 oxpetem

140 3026 339 3091 amicitiem?
385 3036 442 3091 eut
458 3035 490 3091 te
507 3029 613 3092 uisum
630 3037 687 3092 eut
703 3027 849 3092 euditom
866 3027 988 3091 uelim?
1173 3035 1208 3092 85

140 3126 223 3192 PH.
240 3126 267 3190 si
283 3125 492 3191 concordabis
508 3149 580 3191 cum
596 3127 662 3205 ille,
679 3126 813 3191 hebebis
828 3127 910 3212 queo
925 3134 1016 3190 tuam

139 3225 336 3291 senectotem
351 3226 510 3291 oblectet:
535 3226 657 3312 rospice
672 3228 811 3291 cetatom
827 3235 926 3290 tuom.

63 3322 116 3390 435
140 3325 221 3391 DE.
238 3335 270 3391 te
283 3325 432 3405 obloctet,
445 3327 506 3391 tibi
519 3327 612 3392 habe.
630 3328 713 3393 PH.
731 3327 930 3390 minuerem
946 3324 1038 3390 irem.
1055 3321 1137 3389 DE.

275 3425 337 3492 hoc
352 3449 430 3512 age:

140 3527 217 3592 setis
234 3527 298 3592 iom
314 3529 537 3592 uerborumst:
560 3527 624 3592 m‘ei
639 3536 677 3590 tu
693 3547 846 3612 properas
861 3525 1031 3590 moliorem

139 3627 307 3707 ebdocere‚
324 3650 384 3714 ego
400 3629 490 3692 illem
506 3618 630 3692 eiciam.
662 3627 740 3705 dixi,
757 3624 919 3690 Phormio.
1171 3637 1209 3690 90

390 3755 440 3804 430
449 3753 640 3804 fere'Fc'ernust
657 3753 724 3803 feres
735 3750 775 3801 A:
792 3751 861 3802 feras
871 3757 890 3805 Σ

599 3901 665 3969 171,
