2736 4352
545 243 744 306 PHORMIO
1079 243 1140 306 ΙΙΙ.
1162 245 1184 305 ii

143 390 224 457 PH.
241 401 279 456 tu
298 393 378 458 mihi
396 401 561 477 cognatus,
582 395 618 459 55
640 417 767 481 parens,
787 403 823 458 tu
845 395 977 472 amfoss,
998 402 1035 460 tu
1059 443 1067 459 .
1094 443 1103 459 .
1128 443 1137 459 .

278 493 362 559 ΠΟ.
379 495 468 578 garri
483 495 586 558 modo.

142 591 223 658 PH.
242 593 342 658 ddeon
360 593 489 677 ingenio
505 596 576 680 esse
589 595 670 658 duro
687 604 719 659 te
736 596 833 680 {etque
849 594 1050 672 inmmrdhili,

141 692 297 776 seneque
313 692 532 758 misericordia
547 717 650 779 neque
666 695 815 779 precibus
831 694 950 758 molliri
965 693 1082 778 queas!

141 791 223 859 DO.
245 793 347 856 Adeon
362 801 395 857 te
411 817 478 857 esse
493 792 724 879 inedgitantem
736 805 832 879 etque
848 794 1059 878 mpudentem
1077 794 1145 858 sine

277 893 382 971 modo,

62 989 118 1054 500
140 991 177 1055 ot
191 992 369 1077 phaleratis
385 993 482 1057 ddeas
498 993 594 1058 dietis
610 1017 660 1058 me
677 995 709 1058 55
725 1016 828 1059 meam
843 994 955 1059 ductes
970 992 1102 1078 gretiisl
1163 1007 1197 1059 15

139 1091 222 1159 AN.
236 1093 456 1158 miserihumst.
475 1094 557 1159 PH
572 1095 612 1172 ei,
622 1094 708 1159 ueris
718 1094 844 1160 uinoor!
868 1093 945 1163 GE.
957 1095 1054 1180 quom
1064 1103 1149 1159 uter·

277 1203 371 1279 quest
387 1195 499 1258 simih's
515 1195 583 1259 sui!

135 1290 219 1357 PH.
232 1316 336 1378 neque
347 1275 495 1379 Antipho
506 1295 570 1360 alia
582 1318 680 1380 quom
689 1295 863 1381 occupatus
875 1296 958 1359 esset
970 1294 1197 1372 sollieitddine‚

140 1399 208 1456 tum
226 1393 285 1456 hoo
302 1395 369 1458 (esse
384 1395 428 1457 mi
445 1395 605 1459 obieotdm
622 1395 761 1461 malum!
789 1395 872 1462 AN.
890 1396 970 1480 quid
984 1395 1068 1459 istdo
1084 1404 1135 1460 est

277 1503 395 1572 autem,
412 1494 598 1560 Phaedria?

139 1593 222 1658 PH.
247 1593 267 1658 6
290 1594 555 1660 fortsmatl‘ssume
579 1596 742 1681 Antipho!
782 1596 864 1662 AN.
895 1597 1018 1680 egone?
1048 1594 1133 1661 PH.

175 1747 178 1755 ,
276 1695 352 1779 quoi
367 1697 453 1779 quod
470 1697 558 1761 ames
574 1697 702 1774 domist,

62 1789 117 1857 505
138 1795 240 1879 neque
262 1817 414 1880 umquam
435 1819 506 1860 oum
530 1798 625 1862 huius
647 1797 733 1862 modi
762 1797 859 1887 [tibi]
886 1797 964 1862 dsus
982 1797 1073 1863 uenit
1098 1797 1136 1863 55
1159 1812 1196 1864 20

275 1897 475 1962 conflictares
491 1899 582 1962 malo.

140 1995 220 2061 AN.
236 1997 338 2060 mihin
350 1997 493 2062 domist?
515 1999 667 2077 immo‚1'd
683 1999 769 2084 quod
785 1999 886 2077 aiunt,
898 1999 1030 2064 edribus
1042 1996 1135 2064 teneo
1160 2081 1163 2086 ,

273 2097 405 2182 lupum:

139 2194 211 2258 ns‘sm
222 2219 326 2280 neque
337 2221 400 2282 quo
409 2206 503 2282 paeto
516 2200 534 2263 ἷι
546 2222 597 2262 me
606 2200 754 2264 amittam
765 2199 868 2284 neque
880 2200 930 2265 uti
942 2199 1097 2264 retinee'sm
1107 2198 1182 2263 seio.

139 2293 221 2360 ΒΟ.
246 2297 353 2380 {psum
369 2297 452 2361 istuc
468 2299 510 2361 mi
528 2298 561 2362 in
578 2297 637 2362 hdo
658 2309 717 2364 est.
751 2299 832 2366 AN.
859 2300 940 2376 heia,
956 2300 997 2364 ne‘
1018 2321 1134 2385 parum

274 2395 350 2460 leno
366 2397 437 2462 sies.

138 2495 213 2558 mim
235 2497 313 2580 quid
335 2497 387 2560 hio
403 2498 564 2562 confecit?
595 2499 679 2563 PH.
704 2499 833 2564 hicine?
876 2497 962 2584 quod
977 2499 1072 2563 homo
1088 2498 1135 2562 in-

274 2595 531 2662 humanissumus
543 2623 550 2662 ε

62 2687 115 2754 510
138 2691 340 2779 Ps'smphilam
375 2719 480 2762 meam
513 2699 670 2762 uendidit.
712 2699 794 2765 AN.
826 2698 929 2784 quid?
961 2697 1135 2762 uendidit?
1158 2710 1194 2762 25

280 2794 357 2862 GE.
375 2796 453 2860 ain?
499 2799 669 2862 uendidit?

137 2893 219 2958 PH.
241 2895 399 2959 uendidit.
432 2895 515 2981 ΒΟ.
533 2920 629 2981 quam
642 2891 814 2983 ¹indignum
830 2897 966 2974 facinus,
983 2897 1133 2961 dnoillsm

273 3017 346 3058 aere
362 2997 502 3080 emptsim
520 2996 607 3060 meo!

140 3094 220 3159 PH.
236 3096 359 3180 nequeo
372 3119 503 3161 exorare
519 3098 555 3160 dt
569 3120 619 3161 me
636 3105 764 3162 maneat
780 3097 812 3161 et
822 3120 896 3162 oum
906 3098 961 3162 illo
977 3106 1014 3162 ut
1029 3097 1132 3162 mutet

273 3195 370 3259 fidem

136 3293 278 3357 triduom
308 3295 377 3372 hoo,
394 3295 471 3359 dum
495 3295 528 3360 id
557 3294 644 3380 quod
667 3303 717 3360 est
739 3297 932 3381 promissum
956 3297 998 3362 ab
1021 3296 1132 3360 amieis

273 3404 442 3478 argentum
459 3395 581 3460 adfero.

137 3494 164 3556 εἰ
171 3517 235 3557 non
248 3502 320 3558 tum
330 3495 456 3573 dedero,
464 3496 559 3559 {snam
571 3504 739 3580 prseterea
748 3495 858 3560 horam
871 3521 910 3560 ne
919 3496 1073 3581 oppertds
1085 3495 1157 3560 sies.

170 3621 218 3670 499
234 3619 388 3670 Fleckeisen:
405 3621 531 3671 Phaedria
546 3623 599 3672 eins
616 3624 691 3672 modo
708 3622 749 3672 A:
767 3622 893 3672 Phaedria
912 3625 966 3684 (om.
983 3625 1036 3672 sins
1053 3620 1138 3682 modo)

140 3691 229 3754 loolq.
318 3694 361 3740 501
377 3696 461 3742 uerbis
474 3694 508 3744 θ’)
588 3695 635 3744 505
653 3697 700 3744 tibi
718 3713 761 3746 om.
775 3696 886 3744 Donatus
950 3712 1072 3758 umquam
1083 3704 1140 3759 post

140 3765 206 3814 modi
217 3774 265 3814 stat
277 3765 304 3814 in
315 3766 399 3815 codd:
419 3775 510 3832 oanep.
519 3784 564 3830 eqo

591 3881 654 3948 175
