2736 4352
163 267 224 328 ιιι.
246 267 267 325 ιι
550 265 584 322 Ρ.
606 263 795 323 noenum
816 261 920 322 nom

163 431 199 482 ιο
224 413 307 481 no.
333 412 516 477 obeundas?
560 411 642 477 Au
671 411 757 476 haud
781 409 945 495 lengumst
976 408 1010 472 n
1033 407 1121 493 quoe
1143 407 1232 472 orat:
1258 407 1326 473 515

362 515 471 578 exoret
488 512 565 577 sine.
1364 545 1365 576 ι

223 614 310 678 idem
321 613 372 677 hio
385 613 456 690 tibi,
467 612 552 696 quod
566 611 641 676 boni
653 610 847 696 promeritus
859 609 969 686 feienis,
982 609 1268 695 conduplioduerit.

225 713 308 778 DO.
333 713 433 776 uerba
453 713 553 776 istaec
576 721 660 775 sunt.
706 710 788 776 AN.
814 708 1059 794 Pdmphilamne
1075 709 1136 774 hae
1151 709 1233 774 drbe

198 843 205 856 .
361 813 485 898 priuan'
500 812 607 876 sines?

223 913 293 979 uim
309 921 478 999 praeterea
492 913 614 976 homino
630 934 770 976 autorem
786 910 923 974 distrahi
939 910 1067 994 poterin
1082 909 1180 995 pati?

224 1013 307 1081 DO.
324 1013 427 1098 neque
443 1033 503 1097 ego
518 1035 622 1096 neque
640 1020 687 1076 tu.
727 1009 803 1079 GE.
821 1010 856 1074 di
877 1011 937 1074 tibi
958 1032 1069 1074 omnes
1089 1010 1124 1074 id
1144 1009 1233 1096 quod

234 1155 238 1164 ·
359 1136 395 1178 es
411 1111 528 1197 digmis
544 1111 656 1175 duint!

162 1227 198 1280 35
214 1212 299 1280 DO.
310 1214 369 1298 ego
380 1221 412 1278 te
425 1212 599 1298 compluris
611 1209 783 1298 aduersum
795 1209 959 1295 ingenium
972 1231 1079 1274 meum
1089 1210 1209 1275 mensis
1220 1209 1294 1287 tuli,

223 1312 457 1398 pdliioitentem
482 1320 516 1375 et
544 1312 591 1375 nss
618 1311 786 1388 ferentem,
814 1311 964 1388 flentem3
1004 1332 1090 1374 nuno
1118 1318 1233 1375 eontra
1255 1309 1323 1374 521

360 1411 469 1476 omnia
483 1412 581 1476 haee:

223 1513 350 1598 repperi
366 1513 422 1597 qui
438 1512 491 1576 de't
508 1535 611 1598 neque
627 1512 800 1576 laommet:
825 1511 867 1574 di
883 1510 988 1575 locum
1003 1509 1199 1575 melioribuu

224 1612 306 1679 AN.
323 1613 408 1676 certe
424 1612 540 1691 herole,
552 1635 611 1697 ego
628 1613 655 1676 si
671 1611 750 1676 sitis
765 1610 979 1688 commemini,
995 1610 1055 1674 tibi
1071 1611 1232 1695 quidemst

360 1712 437 1776 olim
453 1712 531 1790 dies,

224 1835 320 1897 quom
342 1813 382 1877 id
404 1813 497 1876 dares
518 1812 603 1890 huie,
624 1810 825 1897 praestituta.
870 1811 954 1875 PH.
979 1810 1112 1876 fiotum.
1144 1809 1230 1878 Do.

361 1936 438 1976 num
455 1935 514 1998 ego
530 1911 612 1976 istdo
628 1912 736 1996 nego?

163 2027 201 2078 40
224 2013 305 2080 AN.
322 2013 387 2078 iam
402 2013 439 2077 ea
454 2011 641 2098 proeteriit?
677 2010 760 2077 ΒΟ.
778 2009 853 2089 non,
869 2033 983 2076 uerum
999 2011 1078 2078 haee
1093 2013 1127 2077 ei
1143 2011 1233 2076 inte-
1256 2011 1322 2078 525

107 2101 110 2110 ¹
362 2113 467 2177 cessit.
501 2111 582 2178 AN.
600 2110 665 2183 n6u
681 2109 782 2195 pudet

224 2213 403 2278 nouitatis?
438 2211 521 2276 Do,
546 2213 698 2288 minume,
716 2210 794 2274 dum
810 2210 852 2275 ob
868 2232 945 2275 rem.
985 2209 1062 2278 GE.
1088 2211 1233 2276 sterculi-

207 2335 250 2402 s*
362 2335 449 2377 num.
453 2287 490 2384 s
483 2311 566 2377 PH
586 2309 713 2387 Dorio,

224 2413 313 2478 itane
330 2414 460 2478 tandem
477 2411 582 2476 {eicere
598 2411 750 2496 oportet?
788 2410 919 2478 Do.
891 2433 936 2475 sle
951 2433 1041 2475 eum·
1068 2433 1095 2475 ei
1086 2409 1231 2496 placeo,

361 2513 461 2576 utere.

217 2612 353 2678 AN.
325 2635 369 2676 sio
385 2613 470 2676 huno
486 2609 609 2694 decipi!
647 2611 730 2678 DO.
747 2611 844 2674 immo
860 2610 946 2674 enim
967 2633 1055 2690 uero,
1072 2591 1231 2697 Antipho,

362 2715 414 2778 hio
429 2738 479 2779 me
496 2714 636 2799 decipit:

224 2837 299 2879 nam
316 2815 367 2877 hio
383 2837 434 2878 me
450 2815 552 2878 soibat
568 2811 765 2879 huiusmodi
781 2835 860 2892 esse,
877 2836 936 2898 ego
951 2813 1037 2877 himo
1052 2835 1121 2878 esse
1137 2813 1233 2878 aliter

360 2914 500 2992 eredidi3

164 3009 215 3081 45
209 3015 284 3078 iste
299 3036 350 3077 me
365 3014 496 3091 fefellit,
512 3036 571 3098 ego
588 3013 642 3078 isti
657 3014 725 3077 nsso
742 3035 812 3076 sum
827 3012 952 3077 aliter'
938 3035 974 3077 ao
989 3012 1048 3077 fui.
1257 3013 1320 3079 530

214 3084 280 3180 sed
300 3123 337 3178 ut
357 3122 395 3178 ut
416 3115 494 3179 haec
516 3123 603 3192 eunt,
620 3113 729 3178 tdmen
751 3113 810 3176 hoo
827 3113 962 3177 faniam.
987 3113 1058 3177 oris
1073 3135 1168 3178 mane
1184 3136 1234 3179 ar-

362 3214 496 3298 gentum
512 3214 591 3278 mihi

224 3313 315 3378 msses
330 3314 407 3378 dare
424 3337 458 3378 se
474 3314 625 3378 dixit:
601 3337 627 3376 ει
643 3321 680 3377 tu
695 3313 784 3397 prior
800 3311 960 3390 attulerim
977 3312 1147 3392 Phaedria,

224 3415 296 3480 med
307 3415 470 3506 legeutan,
484 3414 521 3479 iit
533 3414 638 3498 potior
651 3413 694 3477 sit
705 3415 763 3498 qui
778 3414 865 3497 prior
881 3415 922 3478 ad
938 3413 1123 3479 danddmst.
1148 3413 1232 3479 nale.

260 3549 307 3597 515
319 3547 473 3598 Fleckeisen:
486 3548 605 3598 obtundis
616 3547 657 3596 A:
675 3548 785 3596 obtunde
794 3551 826 3598 2:
840 3557 895 3610 poet
906 3556 962 3598 oret
972 3547 1057 3598 nubent
1069 3547 1146 3596 Dorio
1157 3546 1229 3597 codd.

228 3621 276 3669 524
292 3622 401 3671 ietnot:
419 3621 525 3670 istudA
620 3620 668 3668 528
684 3621 761 3668 uicino
781 3619 910 3670 BODGP
973 3621 1056 3684 deoipi
1073 3619 1228 3669 Lachmann:

227 3694 323 3756 deoipie
338 3693 408 3742 codd.
489 3693 537 3742 529
559 3691 709 3741 Fleckeisen:
732 3694 828 3741 eoiebat
850 3709 904 3741 esee
926 3691 1021 3742 Anu:
1050 3709 1103 3742 enee
1130 3693 1230 3742 noiebnt

228 3774 278 3816 dett.
359 3766 407 3814 532
423 3763 573 3814 Fleckeisen:
591 3765 612 3812 si
624 3765 686 3813 mihi
698 3766 766 3826 prior
777 3771 806 3812 tu
817 3763 887 3813 codd.

712 3889 773 3954 176
