2738 4356
521 283 556 344 P.
578 285 768 344 TERENTI
790 285 893 346 AFRI

150 445 184 498 ιο
207 431 335 496 easdem
351 430 445 516 ugera
461 429 561 516 coepi,
577 439 614 496 ut
630 431 671 497 ub
687 431 797 524 eodem
813 431 893 498 alias
909 431 1063 498 discerem
1185 463 1196 484 ·

205 530 317 609 nouus,
332 530 484 609 studiose,
500 531 541 596 ne
557 530 646 595 illum
663 531 706 597 ab
722 532 829 598 studio
845 531 1046 598 abducerem.
1192 600 1197 610 ,

205 630 324 716 perfeci
342 638 379 694 ut
395 631 633 716 spectaruntrr:
650 631 707 697 ubi
723 640 799 696 sunt
814 629 971 718 cugnitae,
1219 631 1265 698 20

204 731 342 816 placitau
357 739 444 796 sunt.
483 729 531 795 ita
546 723 672 816 poe⁴tam
689 730 816 796 restitui
832 732 867 796 in
881 731 987 796 locum

203 853 304 918 prope
320 831 383 896 ium
399 839 556 896 remotum
572 829 691 896 iniuria
705 829 926 896 aduorsurium

148 945 182 997 15
206 931 247 997 ab
264 931 370 996 studio
386 941 483 1017 atque
498 930 540 996 ab
555 929 664 996 labure
679 939 776 1015 atque
791 938 861 994 arte
876 930 1007 996 musica.

204 1030 290 1117 qnod
307 1031 336 1096 si
350 1029 540 1116 scripturam
558 1029 746 1115 spruuissem
763 1028 798 1094 in
813 1029 995 1116 praesuntia

205 1131 287 1196 etin
303 1130 493 1196 duterrendo
508 1130 679 1195 uuluissem
695 1151 826 1215 operam
841 1129 977 1209 sumere,
1023 1155 1025 1158 ·
1217 1128 1262 1196 25

205 1239 242 1296 ut
257 1231 291 1295 in
307 1229 374 1295 (itio
389 1238 473 1296 esset
487 1228 594 1316 putius
609 1231 707 1315 qnam
723 1229 756 1293 in
773 1227 912 1315 negutio‚

205 1329 431 1396 detc'rruissem
446 1329 539 1395 fucilc
556 1352 596 1395 ne
611 1330 691 1394 alias
707 1329 870 1395 scriberet.

146 1446 183 1498 20
205 1453 292 1496 nunc
306 1431 383 1516 quid
401 1438 520 1515 petam,
536 1452 607 1494 mea
622 1429 836 1515 caussaeque
851 1427 959 1495 animo
974 1427 1141 1495 attundite.

205 1529 368 1616 Hecyram
384 1530 425 1594 ud
439 1552 498 1594 uos
513 1529 628 1608 rcicro,
645 1530 741 1615 quum
757 1529 836 1594 mihi
851 1552 910 1615 per
925 1527 1088 1594 silentium

204 1653 379 1716 numquam
406 1630 500 1715 ugera
524 1629 696 1694 licitumst:
728 1631 775 1694 ita
801 1652 873 1694 eam
900 1629 1061 1716 oppressit
1076 1628 1202 1696 culumi-

327 1737 387 1794 tas.
616 1729 618 1734 ’
1214 1729 1259 1795 30

204 1853 274 1895 cam
290 1829 510 1895 calamitatem
521 1827 631 1894 austra
645 1828 866 1914 intellegentia

204 1930 339 2009 sedibit,
356 1929 383 1995 si
398 1929 461 1994 erit
476 1928 619 1993 adiutrix
636 1938 763 1995 nostrae
778 1928 965 1994 industriae.

145 2045 180 2096 25
203 2052 300 2116 quom
315 2031 453 2115 primum
470 2052 540 2095 eam
555 2051 650 2116 agere
664 2030 764 2115 coupi,
780 2029 927 2115 pugilum
942 2027 1055 2128 glumas,

208 2129 430 2216 [(funumbnli
446 2129 557 2194 ecdem
572 2129 704 2195 accussit
719 2128 956 2218 exspectuti0)]

203 2230 355 2295 comitum
371 2238 557 2308 conuentus,
574 2229 737 2315 strupitua
753 2229 874 2294 clamor
889 2229 1060 2295 mulierum

203 2328 306 2394 secure
322 2337 360 2393 ut
375 2337 450 2394 ante
466 2329 593 2415 tempus
608 2329 729 2394 exirum
744 2329 841 2395 ieras.

201 2438 310 2494 uetere
324 2431 359 2494 in
375 2452 460 2494 noua
475 2429 564 2515 coepi
580 2429 629 2494 uti
644 2429 885 2509 consuetudine,

143 2544 180 2597 30
202 2529 237 2593 in
253 2529 449 2614 experirmdo
465 2537 502 2593 ut
518 2531 637 2594 essem:
655 2529 761 2595 refero
776 2529 890 2595 dunno.

201 2628 306 2714 primo
322 2629 395 2693 uctu
411 2629 530 2714 placeo.
562 2652 657 2715 quom
673 2630 797 2694 interea
811 2628 920 2694 rumur
935 2627 1026 2694 uenit
1144 2685 1149 2698 .

201 2728 314 2793 datum
328 2728 369 2792 iri
385 2725 587 2814 gladiaturae,
604 2728 741 2816 populus
757 2728 917 2806 cunuolat,

201 2828 442 2918 tumultuantur
457 2828 597 2893 clumant
612 2837 759 2915 pugnant
774 2828 813 2894 du
829 2827 915 2894 loco:

194 2951 260 3014 ‚ego
276 2927 399 2994 inturea
414 2951 519 2993 mcum
534 2951 599 2994 non
614 2927 706 3014 putui
722 2929 825 2993 tutari
839 2929 955 2994 locum.

142 3043 178 3096 35
195 3015 288 3094 'nunc
303 3028 399 3093 turba
414 3050 478 3092 non
495 3036 560 3093 est:
578 3027 679 3093 utinm
695 3036 728 3094 et
744 3027 955 3094 siluntiumst:

200 3128 316 3214 agundi
332 3135 459 3214 tempus
474 3127 552 3193 mihi
569 3127 729 3205 datumst3
746 3127 838 3194 uobis
853 3127 951 3194 datur

200 3228 341 3313 potustas
357 3227 589 3314 condeccrundi
605 3227 697 3293 ludos
712 3227 883 3294 scaenicos.

200 3327 299 3392 nolite
315 3326 418 3392 sinere
434 3328 491 3413 pe'r
506 3324 564 3394 nos
579 3336 681 3393 artem
697 3327 851 3393 musicam

200 3426 340 3492 recidere
356 3427 397 3491 ad
413 3419 548 3512 pancos:
566 3427 663 3492 fucitc
679 3436 716 3492 ut
731 3436 842 3492 nostra
856 3423 1032 3492 aucturitas

141 3539 178 3592 40
200 3535 289 3591 meae
307 3525 491 3592 aucturitati
507 3527 630 3612 fautrix
644 3527 849 3612 adiutrixque
865 3526 916 3591 sit.

229 3677 263 3725 'ul
274 3694 366 3741 procer.
380 3678 506 3742 Grautoff:
518 3678 679 3743 proacoessit
689 3677 746 3742 legit
757 3678 878 3728 accadens
888 3675 989 3741 Beuum
1026 3677 1028 3681 ’
1082 3675 1116 3728 48
1131 3683 1201 3727 noto·

198 3749 270 3798 nitati
282 3747 418 3799 Fleckeisen
