2738 4356
565 275 798 337 ADELPHOE
1157 281 1217 339 ΙΙΙ.
1233 281 1254 339 ii

187 433 236 491 tet
248 425 298 490 res
310 432 443 510 repente
456 423 702 488 eimumuallant
714 447 747 488 se
760 423 847 488 ende
859 425 978 511 emergi
989 424 1054 490 nen
1063 434 1185 514 potest:

187 527 236 590 uis
253 535 377 611 egestas
393 524 554 589 iniustitia
570 523 709 589 selitudu
723 524 868 590 infemia.
1208 545 1227 602 Ι5

186 625 299 690 herine
312 625 465 690 saeelum!
489 649 509 689 o
518 625 648 704 seelera,
659 648 678 689 ο
690 647 808 712 genera
821 625 1013 712 seerilega,o
1025 626 1187 692 hominem

323 724 467 811 inpium!

97 824 162 891 305
183 825 256 894 So.
271 849 320 891 me
333 825 500 891 miseram!
524 824 602 911 quid
618 848 694 890 nam
706 834 755 890 est
767 824 852 911 qued
869 825 914 890 sie
926 825 1020 891 uideo
1035 825 1186 892 timidum

324 935 356 991 et
371 928 598 1013 properantem
615 925 756 992 Getam?

181 1027 258 1095 GE.
275 1050 370 1114 quem
385 1029 488 1112 neque
503 1026 584 1092 fides
599 1049 703 1111 neque
716 1026 766 1092 iris
781 1026 953 1091 iurandum
970 1026 1073 1113 neque
1094 1027 1186 1093 illum

323 1127 539 1192 misericerdia

185 1228 338 1313 repressit
353 1251 456 1314 neque
468 1227 595 1294 reflexit
606 1250 711 1314 neque
722 1227 809 1314 quod
824 1227 937 1312 pertus
948 1225 1093 1292 instabet
1108 1249 1219 1314 prope,

185 1328 259 1413 quoi
281 1329 415 1393 miserae
436 1327 568 1414 indigue
592 1329 650 1414 per
673 1327 740 1392 uim
763 1326 880 1392 uitium
903 1327 1075 1393 obtulerat.
1110 1327 1183 1396 So.
1218 1344 1254 1396 10

321 1451 386 1492 uon
403 1428 553 1513 intellego

185 1529 263 1593 setis
282 1551 363 1614 quae
384 1528 537 1615 loquitur.
588 1525 663 1594 ΟΛ.
688 1526 819 1613 prepius
838 1527 969 1593 obsecro
987 1527 1184 1607 eeeedemus‚

323 1627 478 1694 Sestrata.
533 1628 608 1696 GE.
626 1629 677 1705 ah,

97 1727 160 1792 310
185 1751 235 1792 me
248 1728 418 1793 miserum!
444 1729 499 1792 uix
510 1751 580 1792 sum
593 1726 722 1812 eempos
734 1726 844 1805 enimi,
857 1726 904 1790 ita
916 1725 1013 1791 erden
1028 1726 1204 1793 iruerindia.

184 1829 232 1893 nil
252 1831 300 1894 est
317 1829 403 1914 quod
420 1829 527 1893 malim
544 1850 640 1914 quam
656 1827 746 1892 illam
762 1835 863 1891 totam
878 1826 1036 1892 {emiliam
1052 1827 1123 1892 dari
1139 1829 1184 1892 mi

322 1929 461 2007 ebuiam

184 2038 223 2094 ut
237 2053 297 2115 ego
313 2030 395 2095 hene
407 2029 489 2094 iram
505 2029 538 2093 in
554 2051 608 2093 eos
623 2028 769 2093 euomam
780 2050 917 2107 omnem,
927 2028 1004 2093 dum
1017 2027 1184 2114 aegritudo

321 2130 401 2195 haee
416 2131 465 2194 est
480 2151 600 2194 reeens.

189 2227 285 2318 [satis
294 2231 373 2295 mihi
383 2230 417 2295 id
428 2230 563 2294 habeam
574 2228 721 2315 simplici,
732 2229 809 2293 dum
819 2227 892 2293 illes
901 2227 1036 2294 uleisear
1046 2229 1115 2295 mee
1125 2229 1248 2321 mede]

185 2332 254 2396 seni
275 2332 414 2396 enimam
430 2330 569 2416 primum
585 2330 823 2415 exstinguerem
843 2328 916 2415 ipsi,
936 2328 993 2415 qui
1012 2329 1095 2394 sslud
1114 2351 1185 2415 pro·
1218 2345 1252 2398 lt

322 2432 416 2496 duxit
433 2432 555 2505 seelus3

97 2531 159 2599 315
183 2540 254 2597 tum
271 2533 377 2596 autem
391 2530 510 2616 Syrum
522 2528 729 2616 inpuberem,
742 2529 817 2609 nah,
829 2528 947 2615 quibus
963 2530 1054 2594 sslum
1066 2528 1183 2596 lauera-

321 2633 388 2696 rem
404 2630 525 2696 modis!
1067 2639 1069 2646 '

184 2732 343 2798 sublimen
357 2731 499 2796 medium
514 2731 690 2817 arriperem
704 2738 737 2796 et
755 2727 861 2816 eapite
882 2728 1019 2816 prenum
1040 2729 1075 2794 in
1095 2738 1184 2796 terra

321 2832 505 2909 statuerem,

183 2940 221 2996 ut
237 2931 367 2997 eerebro
382 2932 546 3018 disperget
562 2931 658 2996 uiam.

185 3032 381 3098 eduleseenti
402 3032 465 3118 ipsi
486 3032 642 3117 eriperem
658 3030 776 3110 oeulos,
792 3029 865 3117 pest
880 3029 961 3096 haee
975 3030 1183 3117 praeeipitem
1206 3046 1243 3100 20

321 3133 441 3197 darem.

184 3232 304 3297 eeteros
314 3255 440 3297 ruerem
450 3232 577 3316 egerem
587 3253 732 3318 raperem
742 3230 911 3296 tenderem
923 3238 957 3296 et
966 3231 1212 3318 prosternerem.

100 3332 160 3398 320
185 3333 242 3398 sed
262 3334 350 3398 eesso
369 3355 457 3398 erem
473 3333 533 3398 hoe
548 3332 634 3398 malo
648 3331 804 3418 inpertire
819 3329 978 3418 prepere?
1006 3334 1037 3401 S
1039 3333 1079 3401 0.
1095 3356 1184 3400 reuo-

319 3433 442 3500 eemr'rs:
455 3431 563 3526 Geta.
601 3431 679 3501 GE.
696 3433 781 3509 hem,

220 3559 268 3609 308
283 3559 402 3622 indignae
418 3556 444 3607 A
540 3559 679 3609 stonum
690 3556 930 3623 qneeloqniturA:
947 3559 1009 3608 satie
1018 3576 1082 3622 quae
1093 3559 1181 3624 loque-

188 3629 297 3682 tur-11²2
375 3632 493 3696 proprius
514 3629 540 3680 A
652 3632 700 3681 312
714 3633 778 3682 irem
791 3632 890 3682 henot
970 3647 1012 3680 ene
1028 3629 1139 3694 duplicat
1153 3630 1179 3682 A

188 3703 235 3754 313
246 3703 389 3768 prescripsit
408 3705 484 3767 (ἴαμα
579 3704 628 3754 316
644 3705 767 3754 sublimen
787 3703 939 3754 Fleckeisen:
960 3702 1094 3753 sublimem
1110 3702 1180 3754 cedd.

188 3791 296 3840 pronum
307 3775 441 3828 Peumier:
461 3793 505 3826 em.
518 3773 559 3827 A:
579 3778 721 3841 priman

641 3924 706 3992 259
