2736 4352
550 290 779 353 EVNVCHVS
1150 294 1189 354 V.
1203 293 1235 357 iv

78 438 134 504 680
158 437 200 505 ad
214 435 275 518 mis
290 437 488 504 deductum?
512 439 596 504 PH.
613 437 751 525 nemque
766 437 865 503 alium
881 437 981 503 hebui
996 438 1166 504 neminem.

297 539 382 604 PK
399 562 451 617 eu,

158 662 200 704 ne
215 637 451 725 edmparendus
466 637 597 725 quidem
612 637 666 702 hie
681 638 723 702 ad
739 638 885 703 illumst:
910 638 965 704 ssle
981 647 1051 704 eret

159 740 294 804 honesta
309 739 392 804 faeie
407 748 439 806 et
455 739 593 804 liberali.
641 740 724 804 PH.
740 739 789 804 ite
803 739 893 804 uisus
908 746 958 804 est
1199 753 1232 805 15

159 839 293 917 duddm,
309 840 386 924 quia
400 839 492 904 uarie
506 839 596 904 ueste
613 838 787 904 exornetis
803 838 878 904 fuit.

159 963 244 1004 nune
261 939 323 1004 tstsi
339 941 469 1004 uidetur
484 939 608 1018 foedus,
625 939 702 1025 quie
716 939 806 1004 illem
822 937 886 1004 n6n
902 939 1011 1006 hebet.

79 1037 136 1104 685
159 1041 244 1106 PK
262 1049 333 1104 tace
348 1039 497 1105 dbseero:
521 1040 613 1125 quasi
629 1041 705 1105 uero
720 1040 854 1125 paulum
869 1040 1025 1106 intersiet.

159 1141 200 1205 ed
215 1139 274 1204 mis
290 1141 445 1204 deductus
461 1137 587 1204 hddiest
602 1140 873 1221 adulescentulus,

158 1264 253 1324 quem
269 1241 307 1304 ni
323 1241 433 1304 uidere
448 1241 525 1304 uero
540 1239 650 1318 nense,
667 1239 839 1306 Phaedria.

158 1341 210 1404 hie
225 1341 275 1405 est
289 1341 395 1404 uietus
410 1341 504 1405 uetus
519 1339 707 1405 ueternosr'rs
722 1363 831 1420 senex,

159 1439 263 1505 eoldre
278 1441 459 1504 musteline
507 1440 591 1505 PH.
607 1440 692 1520 hem,
707 1464 789 1526 quae
805 1443 883 1505 haee
898 1448 948 1506 est
962 1440 1099 1506 febule?

79 1539 136 1603 690
159 1563 195 1604 eo
211 1540 338 1624 rediges
354 1563 405 1604 me
422 1547 459 1604 ut
475 1539 554 1625 quid
569 1541 690 1625 egerim
705 1549 832 1625 egomet
848 1541 997 1606 nesciam.

158 1641 218 1704 eho
233 1649 281 1717 tu,
299 1640 384 1704 emin
400 1662 459 1724 ego
475 1642 532 1704 te?
571 1639 655 1707 DO.
673 1639 788 1704 emisti.
825 1640 910 1705 PK
926 1640 1001 1705 iube
1016 1641 1061 1705 mi
1076 1640 1181 1706 denuo

159 1738 361 1824 respdndeet.
378 1739 463 1805 PH.
479 1762 567 1826 roga.
585 1740 670 1805 PK
682 1739 802 1804 uenisti
816 1739 912 1806 hodie
924 1739 965 1805 ad
977 1738 1062 1806 mis?
1076 1750 1184 1828 neget.
1197 1757 1232 1807 25

158 1847 193 1904 at
207 1840 263 1903 ille
280 1838 363 1902 {riter
378 1839 470 1904 uenit
487 1841 588 1904 dunos
604 1847 700 1904 natus
717 1839 865 1918 sedecim,

157 1938 695 2025 quemseeumadduxitpdrmeno.
721 1940 804 2005 PH.
815 1962 875 2024 age
885 1923 963 2005 su‘m
971 1940 1032 2005 hoe
1040 1940 1085 2004 mi
1097 1941 1210 2026 expedi

79 2036 135 2103 695
158 2039 318 2124 primum:
343 2039 440 2103 istam
456 2061 554 2124 quam
569 2039 668 2104 habes
684 2039 770 2104 rinde
786 2040 884 2104 habes
901 2041 1047 2104 uestem?
1070 2043 1180 2106 taces?

157 2147 339 2203 monstrum
354 2137 503 2217 himinis,
521 2163 585 2204 non
601 2137 782 2204 dietdru’s?
806 2139 891 2207 Do.
906 2140 998 2204 uenit
1009 2138 1164 2206 Chaerea.

157 2239 240 2304 PH.
258 2238 426 2303 fraterne?
462 2238 546 2306 DO.
562 2239 619 2303 ita.
656 2238 738 2305 PH.
752 2238 904 2324 quando?
938 2239 1022 2307 ΒΟ.
1034 2239 1177 2306 ὴοοὸἃίε.’
1198 2256 1234 2306 30

295 2338 379 2402 PH.
395 2361 493 2424 quam
507 2337 653 2404 dudlim?
699 2337 783 2405 DO.
799 2338 903 2403 modo.

157 2438 241 2503 PH.
266 2437 418 2523 quierim?
465 2437 549 2506 DO.
574 2461 647 2503 eum
671 2434 880 2503 Permendne.
928 2438 1011 2503 PH.
1035 2461 1173 2505 noresne

295 2537 369 2603 erim
383 2539 500 2624 prius?

158 2636 242 2705 DO.
259 2661 336 2703 non.
381 2639 441 2703 nee
456 2639 529 2724 quis
545 2648 630 2704 esset
645 2638 799 2724 simquam
815 2636 980 2702 audieram
996 2637 1107 2703 dicier.

79 2735 134 2800 100
157 2738 241 2803 ΡΗ.
249 2738 336 2802 unde
346 2737 447 2823 igitur
458 2738 592 2804 fratrem
604 2739 710 2804 meum
719 2759 788 2802 esse
799 2736 923 2802 scibas?
933 2736 1017 2804 Do.
1031 2737 1190 2803 Permeno

157 2838 285 2903 dicebat
301 2861 374 2902 eum
389 2861 466 2902 esse.
492 2837 519 2903 is
535 2839 580 2903 mi
595 2838 780 2903 benededit
795 2845 926 2916 uestem.
952 2837 1035 2902 PH.
1052 2836 1164 2903 desidi.

158 2937 241 3005 DO.
267 2961 370 3002 meam
385 2939 455 3023 ip'se
471 2939 598 3004 induit:
622 2947 696 3024 post
711 2937 777 3002 rins
792 2937 888 3000 ambo
904 2935 1055 3002 abierimt
1070 2937 1167 3003 fores.
1196 2954 1232 3005 35

145 3027 242 3103 'PK
260 3037 325 3101 iem
336 3038 414 3102 satis
426 3039 529 3103 eredis
539 3036 680 3104 edbriem
692 3059 760 3103 esee
775 3059 827 3100 me
839 3037 871 3102 et
882 3035 930 3100 nil
941 3037 1110 3102 mentitim
1122 3038 1184 3102 tibi
1195 3040 1211 3102 ?

133 3136 222 3202 'isim
245 3138 324 3204 setis
347 3145 502 3202 certumst
518 3138 678 3226 uirginem
692 3135 843 3202 uitiitam
866 3159 934 3202 esse
944 3138 965 3201 ‘l-
1004 3138 1088 3203 PH.
1101 3159 1171 3225 fage

297 3260 395 3317 nunc,
410 3239 524 3304 beluae

192 3410 239 3460 081
256 3426 302 3459 nee
317 3408 408 3462 AEL:
433 3427 464 3460 ne
480 3417 531 3460 cett.
543 3419 565 3460 et
582 3409 728 3460 Priscianus
791 3408 833 3458 hie
849 3409 954 3472 quidem
970 3409 1056 3459 codd:
1078 3417 1171 3474 transp.

162 3481 301 3532 Fleckeisen
396 3482 444 3532 697
455 3483 559 3532 hoeedie
567 3481 722 3532 Fleckeisen:
740 3481 815 3530 hodie
827 3481 897 3531 cedd.
994 3483 1042 3532 699
1052 3485 1174 3546 eqnerba

161 3571 205 3604 nee
218 3590 223 3601 .
236 3555 349 3604 ..dicier
359 3571 404 3602 em.
416 3553 532 3619 ABlPl:
555 3571 614 3618 ques
625 3564 717 3605 secutus
729 3551 829 3614 Bentley
841 3569 890 3602 noe.
902 3555 982 3618 igitur
997 3556 1083 3604 omisso
1100 3571 1171 3604 unum

161 3643 253 3676 uersum
266 3644 300 3676 -ex
316 3626 406 3676 duobus
421 3627 501 3690 efficit
581 3625 627 3678 701
644 3627 681 3678 sie
697 3625 813 3688 Bentley:
832 3627 903 3677 dedit
919 3627 981 3676 mihi
997 3628 1063 3678 hene
1078 3626 1171 3677 ADG:

161 3699 231 3748 dedis
252 3699 316 3750 mihi
335 3699 400 3748 hane
418 3706 516 3749 uestem
537 3707 588 3750 cett.
670 3699 718 3750 702
739 3701 883 3750 ambierunt
901 3695 927 3748 A
1015 3699 1064 3751 704
1084 3700 1175 3751 beluae

161 3769 314 3821 Fleckeisen:
331 3772 408 3822 belus
418 3771 489 3822 cedd.

621 3908 684 3975 131
