2738 4356
562 283 762 343 PHORMIO
1101 286 1139 345 V.
1161 284 1213 343 viii

160 429 292 516 quiane
308 428 442 494 eiteram
457 430 585 515 quidem
602 429 691 496 sslam
706 439 819 516 potero
834 431 970 507 ducere3

161 553 234 594 nam
249 528 314 614 qu6
330 529 441 594 redibo
456 553 511 595 ore
528 530 568 594 ed
584 553 654 594 eum
671 553 768 616 quam
784 530 1052 616 contempserim?

158 629 229 698 GH.
248 637 335 694 ‘tum
350 639 459 694 autem
475 613 697 715 Antiphonem
712 631 807 696 uideo
822 632 864 696 ab
880 654 948 696 sese
964 631 1113 698 amittere
1178 645 1214 699 25

161 731 300 795 inuitum
316 730 400 794 eam'
417 730 524 814 inque.
557 730 638 795 DE
655 739 726 794 tum
742 730 850 794 alitem
865 731 960 795 uideo
975 729 1083 796 issium

18 841 19 848 ’
85 829 139 892 920
162 831 301 895 inuitum
317 853 392 895 sane
409 830 576 894 mulierem
591 829 632 894 ab
649 853 682 895 se
698 831 855 896 amittere.

162 931 215 995 sed
229 931 333 996 trensi
349 930 440 995 sodes
457 930 498 994 ed
513 930 620 994 forum
636 937 733 1016 atque
749 929 830 994 illud
845 931 925 994 mihi

161 1031 329 1116 argentum
346 1055 473 1095 rursum
489 1031 564 1095 iribe
580 1029 724 1108 rescribi,
741 1028 904 1095 Phermio.
1013 1080 1016 1091 .

162 1131 243 1195 PH.
260 1131 388 1216 quodne
404 1132 462 1216 ego
477 1130 625 1216 discripsi
641 1130 737 1214 perro
753 1130 817 1195 illis
833 1129 951 1215 quibus
966 1129 1088 1196 debui?
1179 1145 1216 1199 30

161 1232 241 1296 DE.
260 1231 339 1316 quid
354 1231 454 1316 igitur
470 1233 549 1296 fiet?
594 1231 678 1297 PH.
696 1230 725 1294 si
739 1230 789 1295 uis
805 1230 850 1295 mi
865 1231 998 1296 uxorem
1013 1232 1090 1297 dure

83 1329 138 1395 925
162 1353 257 1416 quam
274 1331 481 1416 despondisti,
498 1331 632 1408 decam3
657 1331 707 1396 sin
723 1337 773 1396 cst
788 1330 826 1395 rit
841 1331 922 1396 uelis

161 1432 289 1496 manere
305 1431 394 1495 illam
409 1431 496 1516 apud
511 1438 555 1510 te,
571 1430 628 1495 d6s
643 1431 695 1496 hic
711 1438 850 1508 maneat,
867 1430 1038 1515 Demipho.

161 1554 234 1596 nam
251 1530 315 1595 nen
332 1539 381 1596 est
397 1520 531 1616 aequom
547 1531 597 1596 me
612 1539 743 1616 propter
758 1552 816 1594 uos
832 1530 947 1615 decipi,

160 1654 256 1717 quom
272 1653 332 1716 ego
347 1629 450 1695 uestri
465 1632 596 1695 honoris
612 1631 707 1695 carisa
723 1629 894 1716 repudium
911 1630 1031 1696 eiterae
1179 1644 1215 1698 35

160 1731 346 1809 remiserim,
363 1753 444 1815 quae
460 1730 543 1795 detis
559 1730 748 1795 tantumdem
763 1729 872 1795 dabat.

82 1829 138 1894 930
161 1831 242 1895 DE.
260 1831 304 1895 in’
321 1832 396 1895 hinc
412 1831 529 1894 molam
544 1853 613 1896 rem
629 1853 702 1894 cum
717 1831 798 1895 istac
813 1829 1063 1915 magnificentia,

161 1931 328 2015 fugitiued
348 1931 445 1994 etiam
460 1953 546 1994 nunc
562 1930 664 1995 credis
680 1940 712 1995 te
729 1931 907 2016 ignorerier

161 2031 488 2095 autuiafactaadeo?
511 2030 594 2095 PH.
611 2030 744 2096 innitor!
770 2030 852 2095 DE.
864 2040 942 2096 tune
954 2031 1037 2095 hanc
1046 2028 1189 2111 decoros,

162 2131 188 2194 si
203 2131 263 2195 tibi
279 2131 435 2195 daretur?
458 2131 540 2195 PH.
557 2131 610 2195 feo
625 2131 790 2217 periclum.
824 2131 905 2197 DE.
922 2139 960 2196 ut
975 2131 1065 2196 iilius
1180 2147 1216 2200 40

162 2253 233 2294 oum
249 2231 306 2295 illa
321 2230 446 2295 hebitet
461 2231 546 2316 apud
561 2239 612 2295 te:
637 2232 697 2296 hoc
713 2229 860 2296 uestrum
875 2231 1045 2296 consiliiim
1060 2231 1134 2297 fuit.

85 2327 139 2394 935
162 2331 245 2395 ΡΗ.
255 2330 379 2416 ¹quaese
388 2331 466 2415 quid
476 2332 608 2395 narras?
630 2331 712 2396 DE.
729 2332 809 2417 quin
820 2339 857 2395 tu
869 2331 914 2395 mi
926 2331 1097 2416 argentum
1107 2331 1194 2397 cedo.

162 2431 244 2496 ΡΗ
261 2431 363 2494 immo
374 2432 451 2495 uero
466 2453 598 2494 uxorem
614 2430 651 2495 tu
667 2431 754 2496 cedo.
787 2431 869 2496 DE.
887 2431 921 2495 in
937 2432 988 2496 ius
1004 2432 1142 2496 embula.

163 2531 244 2595 ΡΗ
261 2531 347 2595 enim
364 2531 481 2595 uenosi
497 2553 593 2615 porro
609 2532 676 2596 esse
690 2531 793 2596 odiosi
808 2531 943 2618 pergitis
960 2579 968 2595 .
986 2576 994 2596 .
1013 2580 1021 2596 .

162 2631 243 2696 DE.
260 2631 338 2715 quid
353 2630 471 2694 iecies?
495 2631 578 2695 PH.
589 2633 717 2716 egone?
739 2629 798 2696 ues
812 2654 863 2696 me
879 2631 1034 2697 indotatis
1050 2632 1145 2698 modo
1182 2647 1218 2700 45

161 2730 356 2814 patrecinari
371 2728 507 2794 tentasse
524 2731 745 2795 arbitremini:

84 2827 139 2892 940
162 2831 258 2895 etiem
274 2829 394 2894 dotatis
410 2828 504 2894 selec.
540 2829 614 2898 ΘΗ
632 2831 711 2915 quid
726 2830 760 2894 id
775 2829 907 2896 nostre?
930 2831 1013 2897 PH.
1031 2831 1134 2896 nihil.

162 2929 213 2994 hic
241 2929 403 3014 quendam
429 2952 551 3007 noram,
582 2931 697 3014 quoius
724 2931 778 2994 uir
801 2953 934 2996 uxorem
980 2929 1057 2997 OH.
1073 2931 1157 2997 hem.

299 3028 381 3093 DE.
398 3029 564 3114 quidest?

106 3133 109 3138 '
162 3128 246 3194 ΡΗ
269 3128 385 3194 Lemni
406 3129 520 3194 hebuit
542 3129 649 3207 aliam,
680 3128 755 3196 OH.
772 3129 881 3196 uellus
905 3152 985 3195 sum.
1018 3130 1102 3196 PH.
1119 3153 1160 3197 ex

298 3252 361 3314 qua
376 3229 481 3294 fssiam
664 3252 666 3256 ·

162 3329 310 3414 suscepit,
327 3336 360 3394 et
376 3351 447 3397 eam
461 3329 545 3394 olam
560 3328 684 3394 educat.
725 3328 800 3396 ΟΗ
814 3329 959 3415 sepeltus
975 3353 1056 3394 sum.
1180 3348 1216 3400 50

161 3429 244 3494 ΡΗ
263 3430 341 3495 haec
357 3430 436 3494 edeo
452 3452 511 3514 ego
527 3428 576 3492 illi
592 3429 656 3495 iem
672 3429 862 3494 denarrabo.
903 3429 976 3496 CH.
995 3429 1136 3509 ebsecro,

178 3581 184 3670 j
228 3607 276 3656 930
295 3605 434 3657 F'leckeisen
448 3603 613 3669 (cfu.368):
637 3608 646 3656 i
664 3607 690 3655 in
706 3607 867 3655 melamrcm
886 3607 945 3656 hinc
962 3605 1001 3655 A:
1022 3608 1031 3656 i
1049 3607 1107 3656 hinc
1127 3609 1153 3656 in

165 3679 266 3814 33³1ch
278 3683 363 3730 rem}
454 3677 502 3730 937
518 3680 545 3728 in
561 3679 600 3734 ius
617 3688 671 3730 ante
688 3680 756 3728 enim
772 3696 833 3728 uero
852 3678 938 3730 iterant
954 3678 1040 3728 codd:
1058 3679 1154 3730 suddit

619 3900 682 3966 195
