2738 4356
163 247 237 308 v.fi
531 245 780 304 P-TERENTA
807 245 913 304 AFRI

163 407 199 458 25
223 393 306 458 PH.
331 401 365 458 at
385 391 513 458 easdem
535 392 654 458 amicas
676 389 746 456 fore
768 382 829 456 t'ibi
844 391 1009 475 promitto,
1027 391 1084 455 ubi
1100 413 1170 456 rem
1186 413 1236 456 oo

368 491 519 577 gnorint3

223 614 299 656 nam
315 591 386 656 illae
402 614 509 656 errore
525 600 558 656 et
573 593 606 655 te
622 592 718 656 simul
734 590 916 676 suspicione
931 590 1085 655 exsolues.

225 691 306 758 BA.
323 692 415 778 perii,
430 692 532 777 pudet
557 691 779 758 Phillimonae.
795 757 797 761 ,
812 713 862 756 me
880 690 1049 776 sequimini
1065 691 1153 756 intro
1170 692 1235 756 huo

361 792 483 857 ambae.
493 833 538 842 —

224 892 305 959 LA.
329 891 409 978 quid
430 900 479 958 est
502 892 581 956 m1'hi
597 892 684 976 quod
700 891 808 956 malim
826 892 922 977 quam
939 890 1025 976 quod
1041 891 1116 956 huio
1139 891 1233 958 intil-

360 991 433 1078 lego
449 992 588 1070 euenire,

224 1101 261 1158 ut
275 1091 414 1178 gratiam
430 1091 518 1158 ineat
534 1092 602 1156 sine
618 1115 676 1157 auo
693 1090 860 1176 dispendio
877 1100 910 1156 et
927 1091 1005 1156 mihi
1021 1090 1148 1176 prosit?
1256 1090 1318 1158 795

160 1206 198 1259 30
221 1192 336 1256 namsi
352 1193 401 1256 eat
415 1200 454 1257 ut
467 1192 547 1256 haee
562 1213 649 1258 nuno
664 1191 871 1275 Pamphilum
887 1213 963 1256 uere
980 1190 1071 1255 abae
1087 1191 1277 1277 segregarit,

222 1291 284 1356 seit
299 1291 361 1356 sibi
377 1291 580 1356 nobilitatem
596 1292 636 1356 ex
650 1313 689 1356 ea
704 1314 739 1354 re
755 1292 863 1356 mitam
881 1300 914 1355 et
929 1289 1066 1376 gloriam
1082 1292 1169 1356 esse:

221 1392 306 1461 feret
316 1391 457 1478 gratiam
468 1393 536 1458 eius
549 1392 677 1477 unaiqne
690 1414 748 1456 nos
760 1391 822 1455 sibi
834 1389 933 1476 opera
943 1391 1062 1456 amieos
1075 1391 1197 1476 ianget.

161 1602 193 1661 iii
439 1684 443 1690 .
487 1602 696 1688 Parmeno
777 1601 961 1660 Baccara

223 1731 306 1797 PA.
323 1713 450 1818 Edepol
470 1754 511 1797 ne
530 1753 635 1796 meam
650 1731 723 1796 erus
740 1753 807 1796 esse
824 1753 954 1815 operam
971 1730 1106 1815 deputat
1120 1731 1217 1816 parui

359 1834 455 1919 preti,

222 1934 278 2021 qni
290 1932 331 2000 ob
347 1957 415 2000 rem
426 1933 551 1998 nullam
563 1933 662 2011 misit,
673 1933 797 1997 frustra
812 1933 869 1997 ubi
885 1933 990 1997 totum
1006 1930 1116 1996 desedi
1131 1931 1229 2010 diem,
1255 1931 1319 1998 800

223 2033 414 2121 Myconium
423 2033 582 2119 hospitem
592 2033 669 2097 dum
681 2042 833 2118 exspecto
842 2033 876 2096 in
890 2033 961 2097 arce
968 2031 1228 2104 Callidemidem.

222 2136 331 2222 itaque
347 2135 476 2220 ineptus
491 2132 586 2198 hodie
602 2133 679 2197 dum
695 2128 743 2196 illi
761 2133 864 2210 sedeo,
880 2133 1068 2219 utquisque
1086 2134 1228 2211 uenerat,

182 2250 199 2300 5
224 2236 431 2301 booedebam:
462 2234 674 2311 ‘adnleseena
698 2233 750 2298 dio
774 2233 851 2296 dum
875 2233 957 2298 mibi
980 2255 1108 2319 quaeso,
1134 2255 1167 2298 es
1190 2241 1229 2297 tu

361 2335 556 2420 Myconius?
570 2333 578 2361 ’

223 2435 318 2500 “non
339 2435 441 2500 sum.”
459 2440 514 2498 ‘at
534 2431 806 2499 Callidemides?
825 2433 952 2497 “non'’
978 2431 1158 2518 ‘hospitem
1181 2456 1230 2498 eo·

359 2557 454 2621 quem
470 2533 678 2619 Pemphilum

222 2635 276 2699 hio
287 2635 420 2701 habes?'
437 2635 546 2699 omnes
557 2634 737 2719 negabant:
754 2633 857 2718 neque
869 2655 942 2697 eum
955 2655 1147 2717 quemquam
1159 2655 1229 2697 esse
1255 2632 1318 2698 805
1365 2651 1366 2700 ζ

360 2735 510 2800 Arbitror.
1365 2797 1366 2814 χ

222 2834 359 2922 denique
374 2835 482 2899 hercle
497 2835 562 2899 iam
577 2834 739 2919 pudebat:
765 2832 839 2897 abii.
873 2832 928 2897 sed
944 2832 1023 2917 quid
1036 2831 1230 2898 Bacchidem

223 2935 264 3001 a'ab
280 2944 391 3000 nostro
403 2935 509 2999 adfine
522 2935 692 2998 exeuntem
703 2933 822 3012 uideo?
846 2931 925 3018 quid
936 2933 1011 2996 huie
1027 2933 1079 2996 hio
1094 2933 1143 2997 est
1158 2935 1230 2998 rei?

162 3049 198 3100 10
222 3034 303 3099 BA.
329 3034 498 3112 Parmeno,
515 3033 694 3118 opportrine
715 3041 749 3097 te
769 3032 886 3097 offers:
911 3032 1045 3119 pr6pere
1070 3055 1162 3097 curre
1186 3032 1230 3099 ad

360 3133 576 3220 Pamphilum.

223 3234 305 3300 PA.
330 3235 408 3320 quid
429 3236 491 3298 eo?
514 3233 594 3298 BA.
611 3233 664 3297 dio
684 3255 735 3297 me
756 3232 848 3297 orare
869 3241 907 3297 ut
928 3214 1045 3298 ueniat.
1080 3231 1161 3298 PA.
1186 3232 1229 3298 td

358 3336 416 3400 te?
439 3333 521 3399 BA.
537 3335 634 3398 immo
650 3333 692 3397 ad
707 3331 941 3398 Philrimenam.

257 3491 303 3545 '191
323 3491 477 3543 F'leokeisea:
493 3510 547 3542 ram
558 3493 603 3542 nbi
615 3492 778 3554 cognouerint
795 3495 829 3542 2:
842 3509 924 3542 ueram
936 3492 999 3542 derat
1017 3491 1043 3542 in
1055 3492 1079 3542 A
1175 3491 1225 3543 794

225 3565 377 3616 Fleckeisen:
395 3565 463 3629 qnod
474 3565 537 3614 mihi
549 3564 619 3614 codd.
724 3562 771 3616 797
783 3582 815 3613 ax
826 3581 858 3615 aa
867 3582 894 3614 ro
908 3565 1033 3616 Donatus:
1051 3583 1083 3614 ex
1091 3582 1122 3614 eo
1133 3571 1159 3614 ot
1169 3581 1225 3614 ram

224 3638 294 3688 codd.
398 3639 446 3690 798
462 3637 616 3689 Fleckeisen:
633 3637 728 3686 referet
744 3639 855 3699 gratiam
871 3640 894 3688 ei
911 3637 991 3687 AD2:
1010 3639 1154 3700 referetque
1171 3647 1224 3688 cett.

224 3711 273 3761 803
284 3712 347 3761 mihi
363 3711 408 3761 ina.
421 3710 543 3760 Dza’arzko
605 3717 653 3760 tnn
663 3726 691 3758 ea
703 3725 756 3758 eum
769 3710 882 3760 Gomara
893 3709 955 3773 uoly.
1052 3711 1100 3759 809
1111 3712 1187 3761 nenia
1197 3711 1221 3760 A
