2736 4352
139 251 194 310 IV.
209 249 238 310 vi
521 248 556 308 P.
578 249 767 312 TERENTI
794 252 898 312 AFRI

139 449 168 506 vi
341 447 481 506 Tuus
561 449 777 508 Cussumus
859 451 1059 508 Puumss

205 577 279 641 PH.
297 575 403 643 Cre'do
419 576 566 661 equidem
583 578 674 642 illum
690 579 755 642 iam
772 579 961 644 adiuturum
977 603 1055 658 esse,
1068 579 1105 643 iit
1121 579 1213 644 illam
1275 672 1278 676 .

337 699 357 740 a
372 699 422 739 me
439 676 576 761 eripiat:
600 678 668 742 siue
685 679 805 743 ueniat.

200 776 290 860 atqui
306 776 333 840 si
349 776 437 840 illam
453 776 556 860 digito
568 777 714 862 attigerit
730 778 804 856 ύηο,
817 779 903 843 oculi
920 779 993 842 ilioo
1007 779 1218 845 ecfodientur.
1236 781 1301 847 740

199 877 300 961 iisque
316 875 395 940 adeo
415 879 508 967 [ego]
525 876 612 941 illius
628 878 713 942 ferre
729 901 860 964 possum
875 880 1030 964 ine'ptiam
1042 888 1074 944 et
1090 882 1212 966 magni-

336 977 398 1039 fica
413 976 524 1052 uerba,

200 1074 300 1139 uerba
322 1075 400 1138 dum
424 1075 509 1151 sint3
533 1075 646 1139 uerum
670 1077 755 1140 enim
780 1078 807 1141 si
833 1078 875 1142 ad
899 1101 966 1142 rem
991 1077 1209 1157 conferentur,

336 1174 515 1260 uapulabit.

161 1291 178 1342 5
209 1273 283 1342 UH.
310 1273 422 1353 Thais,
446 1297 505 1360 ego
530 1275 593 1340 iam
618 1275 741 1340 dudum
764 1277 816 1340 hio
848 1278 971 1342 adsum.
1024 1278 1098 1342 PH.
1123 1279 1212 1343 omi

324 1373 500 1454 Chremes,
515 1384 548 1439 te
560 1376 665 1460 ipsum
681 1378 914 1462 exspectabam.

199 1475 267 1540 sein
283 1483 321 1540 tu
337 1476 467 1540 turbam
482 1476 566 1541 hano
582 1475 714 1563 propter
730 1486 762 1542 te
774 1500 841 1542 esse
858 1478 1001 1542 foetam?
1025 1487 1058 1543 et
1073 1479 1152 1543 adeo
1169 1479 1211 1543 ad

336 1584 368 1640 te
385 1575 524 1640 attinere
539 1577 622 1641 hano

199 1673 326 1741 omnem
341 1678 432 1740 rem?
463 1675 537 1742 CH.
554 1676 596 1741 ad
612 1678 687 1741 me?
710 1677 767 1762 qui
782 1700 900 1763 quaeso
911 1678 1016 1742 istuo?
1037 1678 1110 1742 PH.
1129 1679 1215 1762 quia,
1234 1677 1299 1744 745

336 1776 414 1840 dum
430 1776 491 1840 tibi
507 1776 647 1842 sororem
663 1778 777 1843 studeo

198 1876 332 1940 reddere
347 1899 384 1940 ao
400 1877 581 1956 restituere,
599 1878 678 1941 haee
693 1886 790 1962 atque
807 1878 902 1942 huius
917 1877 1004 1942 modi
1020 1901 1091 1942 sum
1106 1878 1211 1942 multa
1323 1919 1325 1924 ·

336 1999 440 2061 passa.
1225 2013 1229 2024 ·

206 2075 281 2144 GH.
306 2076 363 2140 tbi
387 2078 480 2141 east?
507 2077 582 2141 PH
599 2077 686 2142 domi
709 2078 796 2164 apud
820 2101 880 2142 me.
919 2077 994 2146 GH
1011 2078 1093 2143 hem.
1134 2078 1209 2143 PH.

336 2177 503 2261 quidest?

139 2290 173 2343 10
196 2277 312 2342 educta
334 2277 381 2340 ita
404 2277 453 2340 uti
476 2277 571 2361 teque
586 2277 705 2362 illaque
721 2278 895 2362 dignumst.
950 2277 1024 2344 CH.
1042 2278 1120 2361 quid
1136 2279 1210 2342 ais?

340 2377 414 2441 PH
431 2377 465 2441 id
481 2377 567 2461 quod
583 2400 633 2442 res
649 2385 707 2440 est.
867 2453 869 2460 γ

197 2478 281 2542 hano
296 2477 357 2541 tibi
372 2478 414 2541 do
430 2476 514 2541 dono
529 2500 632 2562 neque
647 2484 757 2562 repeto
773 2499 831 2562 pro
846 2477 903 2541 illa
917 2477 1088 2562 quiequam
1104 2477 1162 2542 abs
1177 2477 1210 2542 te

337 2576 433 2662 preti.
1341 2650 1345 2660 ,

205 2675 279 2744 GH.
293 2686 325 2741 et
334 2676 471 2741 habetur
483 2683 516 2742 et
525 2676 693 2753 referetur,
704 2675 816 2754 Thais,
836 2676 928 2766 [tibi]
944 2678 991 2742 ita
1002 2676 1051 2741 uti
1067 2676 1209 2740 merita’s
1233 2675 1295 2741 750

334 2775 449 2860 gratia

202 2875 276 2939 PH.
297 2875 331 2939 at
354 2876 441 2939 enim
464 2897 552 2954 caue,
569 2898 609 2939 ne
630 2876 721 2961 prius
744 2898 841 2960 quam
863 2875 946 2940 hano
962 2899 982 2940 a
997 2898 1048 2939 me
1071 2875 1209 2961 aooipias

335 2974 475 3054 amittas,
493 2973 646 3041 Chremes
659 3000 667 3050 ;

178 3148 179 3152 η
196 3096 273 3140 nam
289 3075 367 3139 haec
383 3083 452 3140 east
468 3097 564 3159 quam
580 3075 671 3138 msses
688 3096 708 3138 a
723 3097 774 3138 me
790 3075 825 3139 u1'
840 3098 926 3138 nuno
943 3075 1089 3160 ereptum
1105 3075 1207 3140 uenit.

137 3191 171 3242 15
196 3175 249 3240 abi
265 3174 313 3253 tt,
326 3175 491 3252 cistellam,
509 3173 655 3259 Pythias,
667 3175 760 3238 domo
777 3175 863 3238 ecfer
880 3197 951 3239 oum
968 3176 1191 3239 monumentis.

204 3273 279 3342 UH.
304 3275 402 3339 uiden
419 3283 455 3338 tu
472 3275 576 3353 sslum,
592 3274 704 3352 Thais,
736 3275 821 3340 PK
846 3274 902 3339 tibi
919 3275 1036 3340 sitast?
1074 3275 1148 3339 PH.
1172 3275 1207 3338 in

24 3397 114 3475 ’ΜΝ
127 3437 138 3468 s
153 3453 164 3466 ³
174 3423 268 3474 uta.
333 3375 434 3475 risco:
459 3375 569 3439 odiosa
583 3375 711 3439 cessas?

217 3506 274 3572 ''i‘tl
292 3538 341 3584 ego
363 3519 416 3571 secl.
434 3518 535 3584 Bentley
695 3520 742 3572 743
764 3528 871 3582 expecto
882 3524 917 3571 Σε
934 3521 996 3570 unde
1018 3519 1155 3570 meckeisen
1177 3527 1203 3570 te

198 3593 282 3656 ipsum
300 3601 390 3656 expeto
550 3591 598 3644 745
621 3609 715 3655 quaeso
735 3592 835 3656 Bentley
855 3592 898 3642 ‘eu
916 3592 1016 3641 libris':
1042 3594 1113 3656 quasi
1132 3591 1203 3641 codd.

196 3664 314 3786 ’0105ἓᾶῐίὴὶ
337 3665 400 3728 quod
422 3682 466 3714 om.
486 3669 505 3716 Σ
527 3664 580 3715 secl.
593 3663 711 3728 Bentley:
731 3667 779 3715 tibi
800 3667 837 3714 ita
859 3673 888 3714 ut
911 3664 1084 3728 Umpseobuch,
1104 3665 1147 3714 sed
1165 3665 1204 3713 uti

686 3859 749 3926 134
