2736 4352
160 251 196 308 V.
212 249 243 306 iii
407 333 409 338 Ι
543 246 578 304 Ρ.
599 244 787 304 TERENTI
813 243 917 303 AFRI

173 432 205 488 iii
333 428 525 486 Prruree
605 426 808 486 Curemus
889 423 1120 483 Soruecue

222 533 306 598 ΡΥ
324 532 423 614 Quid,
439 531 518 617 quid
533 531 644 595 uenire
659 531 694 594 in
710 531 850 594 mentem
866 551 952 592 nunc
968 529 1070 613 possit
1084 527 1177 605 mihi,
1253 526 1324 591 910

221 634 301 719 quid
316 633 401 712 niun,
417 633 473 717 qui
489 630 624 696 referem
642 630 796 714 sicrilego
812 629 860 693 illi
876 628 1025 714 gretiam,

222 734 277 820 qui
293 734 379 797 hunc
395 731 576 817 supposiuit
592 730 708 795 nobis?
763 728 837 796 ΟΗ.
854 751 947 792 moue
964 736 997 792 te
1012 750 1068 792 oro
1084 726 1184 806 (icius,

223 856 294 898 mee
309 833 429 898 mitrix.
466 830 540 898 SO.
556 853 680 895 moueo.
720 829 794 896 GH.
812 829 916 908 uideo,
926 829 981 892 sed
991 828 1038 892 nil
1050 826 1229 912 promoues.

185 951 202 1002 5
219 933 303 999 ΡΥ
319 934 425 997 iamne
440 931 611 996 ostendisti
627 932 720 1015 signe
734 929 882 994 nutrici?
935 927 1011 996 GH.
1028 926 1144 991 omnia.

223 1033 309 1099 ΡΥ.
326 1033 450 1110 amobe,
459 1031 538 1116 quid
547 1032 625 1096 ait?
646 1029 874 1115 cognoscitne?
899 1027 974 1096 CH.
991 1051 1028 1093 ao
1036 1026 1230 1092 memoriter.
1254 1024 1321 1090 915

223 1134 309 1199 ΡΥ
325 1132 425 1218 probe
441 1130 555 1216 edepol
569 1153 701 1206 narras3
724 1152 800 1194 nam
816 1129 864 1194 illi
880 1129 975 1193 faueo
992 1127 1122 1214 uirgini.

222 1235 267 1298 ite
282 1233 386 1297 intro:
411 1231 475 1296 iam
491 1230 614 1295 dudum
630 1230 685 1295 ira
701 1252 758 1293 uos
774 1228 939 1313 exspectet
954 1228 1050 1292 domi.
1060 1267 1107 1278 -

224 1333 331 1399 uirrim
347 1333 468 1396 bonum
482 1353 592 1396 eccum
608 1330 841 1394 Pirmenonem
857 1329 1002 1393 incidere

165 1449 199 1500 10
223 1431 340 1498 uideci:
364 1431 439 1496 uide
454 1438 493 1496 ut
507 1429 628 1494 otiosus
644 1429 689 1494 it!
715 1430 742 1494 si
758 1429 938 1515 displicet,

225 1530 317 1618 speri>
332 1554 383 1596 me
397 1531 526 1608 habere,
543 1530 599 1615 qui
615 1530 700 1594 hino
716 1552 786 1593 meo
802 1529 981 1594 excrucie‘m
996 1528 1099 1593 modo.
1256 1525 1320 1590 920

224 1633 277 1697 flio
293 1633 390 1710 intro,
405 1631 445 1695 de
461 1631 641 1715 cognitione
656 1638 694 1694 ut
709 1629 832 1694 certum
848 1629 964 1693 sciamt

224 1741 298 1818 post
312 1732 406 1796 exibo
421 1739 518 1816 atque
535 1731 620 1795 hunc
636 1731 821 1816 perterrebo
837 1729 1036 1815 sicrilegum.

178 1885 208 1944 iv
508 1882 718 1941 Peeuuuo
799 1882 990 1940 Prruus

227 1987 311 2053 PA.
328 1987 448 2052 Reuiso
463 1987 542 2073 quid
558 2010 633 2051 nam
649 1985 794 2051 Chaerea
808 1986 861 2050 hic
877 1987 986 2051 remim
1002 1994 1104 2072 gerat.

226 2087 355 2174 quodsi
372 2088 443 2152 istu
459 2109 528 2152 rem
542 2086 707 2164 tractauit,
724 2087 757 2152 di
773 2087 916 2152 uostrim
930 2087 1038 2164 fidem,

228 2195 381 2275 quantem
400 2189 432 2252 et
447 2210 543 2273 quam
560 2209 672 2252 ueram
687 2187 814 2252 laudem
831 2187 936 2273 capiet
953 2186 1131 2253 Pirmeno!
1259 2185 1321 2252 925
1357 2170 1358 2264 l

228 2312 303 2354 uam
319 2298 357 2354 ut
371 2289 510 2366 mittam,
525 2288 612 2373 quod
627 2293 661 2353 ei
676 2285 817 2352 amorem
832 2287 1069 2352 difficillumum
1088 2288 1158 2376 [ct]
1357 2265 1358 2314 i

191 2403 208 2454 5
224 2389 443 2466 carissumnm,
460 2411 480 2453 a
495 2388 662 2452 meretrice
677 2410 777 2452 errare
791 2388 952 2473 uirginem

229 2512 293 2575 quo
308 2488 448 2567 emebat,
465 2510 544 2552 eum,
553 2487 676 2552 conieci
693 2488 762 2552 sine
777 2487 933 2566 molestia,

230 2590 299 2654 sine
315 2588 456 2673 sumptu,
473 2587 541 2652 siue
556 2587 742 2672 dispendio:
765 2595 836 2651 tum
851 2587 911 2652 hoc
928 2587 1075 2666 ilterum,

230 2689 264 2753 id
281 2688 387 2753 uerost
402 2687 489 2773 quod
504 2710 564 2772 ego
579 2687 659 2751 russri
674 2695 753 2771 puto
769 2686 972 2771 palmitum,
1261 2685 1320 2751 930

231 2811 282 2853 me
298 2788 485 2873 repperisse,
501 2786 673 2873 quomodo
689 2785 945 2852 adulescentulus

172 2905 206 2956 10
233 2889 436 2954 meretricum
452 2887 582 2974 ingenia
597 2895 629 2952 et
644 2886 748 2951 mores
762 2895 871 2971 posset
886 2885 1026 2967 noscere,

231 2988 357 3053 metire
373 2995 411 3051 ut
426 3011 522 3073 quom
537 2985 684 3072 cognorit
699 2996 855 3072 perpetuo
870 2986 983 3052 oderit.

232 3110 314 3174 quae
330 3087 408 3152 diun
424 3086 503 3152 foris
520 3095 607 3165 sunt,
622 3087 670 3151 m'l
686 3086 817 3152 uidetur
831 3087 993 3165 mundius,

231 3211 291 3253 neo
306 3187 409 3272 migis
425 3187 636 3272 compositum
651 3188 823 3272 quicquam
838 3209 896 3251 nec
912 3185 1015 3271 magis
1031 3185 1162 3272 elegans
1263 3182 1320 3250 935

232 3311 330 3373 quam
345 3287 418 3351 crim
433 3296 575 3352 amatore
590 3287 702 3351 cinam
717 3309 814 3372 quom
829 3286 1016 3372 ligtirriunt.

265 3427 313 3475 912
330 3425 472 3489 eupposiuit
489 3419 606 3488 Bentley:
633 3426 767 3488 supposuit
787 3424 858 3474 codd.
986 3441 1085 3474 moue.
1103 3424 1237 3474 ..nutrix

234 3497 385 3548 Fleckeisen:
409 3515 483 3546 moue
505 3515 549 3546 oro
564 3497 634 3547 ociue
650 3504 676 3546 te
695 3514 752 3547 mee
773 3499 860 3546 nuti-ix
881 3495 921 3546 A:
943 3513 1017 3547 moue
1038 3513 1099 3546 uero
1119 3497 1189 3546 ocius
1211 3505 1237 3546 te

236 3571 322 3619 nutrix
345 3574 364 3620 Σ
492 3571 540 3619 928
557 3571 729 3633 ᾳιιοιιιιιαὺαι
744 3586 802 3619 eum
819 3568 936 3632 Bentley:
966 3586 1045 3633 quem
1060 3571 1164 3618 amabat
1180 3586 1238 3618 eum

234 3641 304 3691 codd.
316 3658 321 3688 :
330 3643 392 3705 sort.
404 3658 478 3704 quem
489 3643 593 3691 emebat
604 3659 662 3691 eum
670 3659 676 3690 :
685 3642 786 3690 omissis
798 3659 867 3691 uersu
878 3643 925 3693 927
936 3651 958 3690 et
968 3641 1030 3703 (cum
1041 3640 1097 3691 edd.
1103 3639 1236 3704 plerisque)

234 3721 323 3776 etpost
334 3714 523 3762 difficillumum
602 3714 650 3762 936
667 3712 817 3763 Fleckeisen:
838 3731 904 3776 quae
921 3731 979 3762 cum
995 3721 1108 3762 emetore
1123 3730 1168 3762 ruo
1179 3729 1239 3762 cum

235 3791 327 3835 cenent
337 3785 476 3848 ligurriuut
485 3784 555 3835 codd.
566 3803 571 3834 :
589 3802 682 3835 uarum
694 3785 746 3834 secl.
754 3795 809 3850 post
822 3785 958 3836 Bentleium
968 3785 1024 3835 edd.
1031 3784 1143 3850 plerique

722 3867 785 3932 142
