2736 4346
77 669 116 732 C·
148 669 338 732 SVETONI
365 671 632 746 TRANQVILLI
660 674 766 733 VITA
793 675 828 733 P.
854 673 1043 733 TERENTI
1065 668 1198 734 ΑΙθΙίῙι

92 848 135 906 P.
156 849 345 908 Tmnsnvs
366 849 468 920 Arna,
492 847 679 930 Karthagine
700 860 796 922 natus,
821 851 925 910 seruiit
946 853 1058 910 Romae
1082 849 1224 909 Terentio

49 945 182 1004 Lucano
197 944 336 1018 senatori,
351 966 370 1004 a
383 965 441 1022 quo
458 943 495 1003 ob
514 945 667 1022 ingenium
687 956 717 1005 et
735 947 863 1004 formam
884 968 943 1005 non
963 948 1115 1007 institutus
1135 948 1224 1006 modo

48 1041 231 1115 liberaliter,
243 1043 296 1101 sed
309 1051 340 1100 et
351 1050 466 1100 mature
476 1061 566 1100 manu
577 1042 682 1101 missus
693 1052 746 1101 est.
788 1044 909 1121 quidam
920 1053 1038 1120 captum
1052 1064 1115 1102 esse
1127 1045 1225 1103 existi·

49 1147 162 1198 mant:
183 1139 264 1216 quod
284 1139 352 1197 fieri
373 1139 454 1196 nullo
475 1139 563 1197 modo
586 1138 716 1216 potuisse
739 1140 905 1198 Fenestella
932 1142 1026 1214 docet,
1051 1163 1117 1201 oum
1145 1143 1223 1202 inter

50 1238 152 1294 finem
166 1235 289 1295 secundi
310 1235 416 1294 Punici
432 1235 502 1294 belli
523 1243 553 1294 et
573 1235 691 1295 initium
713 1236 793 1295 tertii
815 1246 845 1295 et
865 1246 951 1295 natus
967 1237 1005 1296 sit
1025 1245 1054 1295 et
1075 1245 1223 1302 mortuus;

51 1353 112 1392 nec
141 1332 210 1392 sia
230 1331 371 1391 Numidis
394 1341 447 1391 aut
467 1331 603 1391 Gaetulis
631 1341 734 1408 captus
757 1333 796 1392 sit
819 1333 857 1392 ad
882 1333 1032 1392 dominum
1055 1335 1222 1392 Romanum

51 1429 219 1506 peruenire
233 1429 371 1507 potuisse,
386 1429 465 1487 nullo
480 1429 654 1488 commercio
675 1429 753 1488 inter
774 1429 895 1488 Italicos
916 1438 946 1488 et
966 1430 1058 1488 Afros
1079 1430 1136 1487 nisi
1156 1441 1223 1506 post

52 1527 190 1585 deletam
209 1525 424 1602 Karthaginem
446 1534 557 1602 coepto.
599 1525 647 1584 hic
665 1546 733 1584 cum
751 1525 851 1583 multis
870 1525 1016 1584 nobilibus
1034 1526 1222 1585 familiariter

52 1623 147 1696 uixit,
161 1622 216 1682 sed
235 1622 365 1681 maxime
385 1642 451 1680 cum
473 1621 608 1700 Scipione
629 1622 774 1681 Africano
789 1631 818 1680 et
832 1621 865 1681 C.
881 1622 994 1694 Laelio,
1009 1621 1114 1699 quibus
1133 1623 1222 1680 etiarn

52 1719 191 1798 corporis
215 1719 313 1797 gratia
341 1719 511 1778 conciliatus
538 1719 738 1778 existimatur:
769 1717 846 1796 quod
876 1726 905 1777 et
932 1718 1027 1794 ipsum
1056 1718 1224 1778 Fenestella

52 1815 167 1894 arguit,
182 1817 361 1875 contendens
382 1825 505 1894 utroque
525 1816 667 1875 maiorem
690 1824 762 1873 natu
785 1815 894 1883 fuisse3
916 1816 1049 1892 quamuis
1071 1825 1101 1874 et
1121 1815 1223 1893 Nepos

55 1911 201 1989 aequales
221 1931 323 1971 omnes
343 1911 436 1971 fnisse
455 1912 556 1970 tradat
569 1920 599 1970 et
613 1911 736 1970 Porcius
755 1911 948 1988 suspicionem
962 1911 1000 1968 de
1013 1911 1223 1970 cousuetudine
1247 1907 1250 1915 ’

55 2028 115 2085 per
130 2008 204 2096 baec
217 2007 328 2067 faciat:

143 2137 225 2196 Dum
238 2137 391 2220 lasciuiam
405 2136 547 2195 nobilium
562 2145 592 2196 et
604 2138 706 2196 laudes
720 2138 836 2196 fucosae
850 2137 933 2214 petit,

143 2235 216 2294 dum
230 2233 369 2293 Africani
382 2238 484 2292 uocem
499 2233 632 2292 diuinam
646 2227 740 2292 inhiat
755 2234 851 2292 auidis
865 2234 994 2307 auribus,

142 2331 216 2390 dum
230 2331 269 2389 ad
283 2330 403 2388 Philum
419 2350 450 2389 se
464 2330 593 2389 conitere
607 2339 637 2389 et
651 2330 785 2389 Laelium
800 2331 953 2407 pulchrum
968 2338 1062 2408 putat,

141 2427 215 2486 dum
230 2426 262 2484 in
274 2427 426 2485 Albanum
439 2427 542 2486 crebro
555 2426 670 2504 rapitur
684 2427 720 2485 ob
733 2427 838 2484 florem
848 2427 954 2486 aetatis
970 2448 1057 2486 suae:

141 2524 202 2584 inis
213 2523 352 2602 postlatis
367 2524 454 2582 rebus
467 2524 507 2582 ad
520 2543 666 2581 summam
677 2523 805 2600 inopiam
819 2524 954 2582 redactus
968 2534 1021 2583 est.

142 2620 244 2698 itaque
258 2640 296 2679 ex
309 2628 465 2697 conspectu
480 2619 611 2679 omnium
625 2620 688 2679 abit
700 2620 732 2677 in
746 2618 903 2679 Graeciam
917 2630 1028 2680 terram
1041 2623 1194 2681 ultumam.

143 2725 276 2776 mortuos
290 2716 485 2794 Stymphalist
494 2716 642 2775 moadiae
656 2717 772 2795 oppido.
800 2717 844 2774 nil
858 2716 982 2776 Publius

145 2813 245 2891 Scipio
258 2813 380 2890 profuit,
395 2813 438 2870 nil
451 2812 495 2870 illi
510 2813 638 2886 Laelius,
653 2813 695 2871 nil
710 2814 828 2887 Furius,

142 2918 204 2969 tres
217 2909 316 2986 perid
329 2919 444 2988 tempus
458 2909 509 2987 qui
523 2909 677 2987 agitabant
689 2911 800 2970 nobiles
814 2911 973 2970 facillume.

144 3025 247 3065 eorum
260 3006 311 3064 ille
325 3026 416 3084 opera
429 3026 466 3064 ne
479 3007 600 3065 domurn
614 3007 735 3084 quidem
749 3007 853 3066 habuit
867 3008 1089 3081 conducticiam,

144 3103 249 3162 saltem
262 3110 296 3161 ut
310 3111 394 3176 esset,
409 3123 467 3180 quo
481 3103 606 3162 referret
619 3104 731 3163 obitum
746 3105 858 3163 domini
872 3105 1011 3162 ser-nolus.

62 3232 181 3309 scripsit
205 3232 369 3291 comoedias
394 3253 461 3302 sex;
492 3254 529 3293 ex
553 3233 660 3312 quibus
681 3234 807 3311 primam
828 3233 977 3293 Andriam
995 3254 1062 3292 cum
1080 3233 1223 3293 aedilibus

62 3331 159 3402 daret,
173 3329 268 3388 iussus
289 3338 358 3388 ante
380 3329 508 3391 Caecilio
525 3331 649 3389 recitare
663 3331 702 3388 ad
716 3340 869 3389 cenantem
883 3351 950 3388 cum
964 3330 1100 3403 uenisset,
1116 3331 1224 3389 dicitur

96 3464 107 3500 ¹
125 3465 184 3518 Gara
196 3466 266 3518 baius
276 3466 388 3518 editionis
399 3467 432 3517 rit
445 3467 578 3518 Terentiam
590 3485 636 3517 noo
648 3467 784 3518 Suetonium
795 3476 837 3516 arat
849 3467 970 3516 Donatum
987 3485 1154 3530 recoyoorcerc,
1165 3467 1224 3518 dedi

64 3565 95 3596 ex
109 3547 240 3598 mminne
252 3546 325 3597 Frid.
338 3547 443 3599 Barcha·
455 3547 514 3612 (op.
530 3547 597 3597 Phil.
609 3549 644 3597 iii.
656 3565 698 3611 pp.
710 3547 814 3605 204-14,
825 3547 926 3610 Lipsiae
938 3547 1012 3609 1877)
1030 3548 1129 3597 Suetoni
1136 3547 1225 3597 Vitam

65 3627 169 3678 Terenti
180 3645 253 3692 quam
264 3627 351 3679 Aelius
363 3629 474 3678 nonnos
485 3637 611 3678 commento
623 3645 664 3676 ono
676 3628 701 3677 io
707 3626 899 3691 poetaefatulor
910 3643 961 3676 cum
978 3643 1020 3676 suo
1037 3627 1145 3676 auctario
1151 3644 1225 3690 prae-

67 3707 138 3758 aire.
159 3707 258 3760 nouo
274 3717 367 3759 tomum
383 3708 410 3758 io
426 3707 493 3770 locis,
509 3709 593 3772 quibo·
610 3706 704 3757 naulae
720 3707 829 3770 opposui,
848 3708 879 3758 cb
895 3707 985 3758 eximia
1001 3705 1107 3757 Ritrclsli
1123 3706 1226 3759 editione

65 3787 190 3843 dissentire
199 3805 273 3842 amar
284 3805 343 3842 eum.
