2738 4356
577 262 754 321 uncins
1151 235 1181 324 Ἰ.
1196 265 1217 324 n
1288 302 1292 310 ·

154 404 223 470 SV.
241 404 330 469 salue
342 413 508 483 mecastor,
520 405 688 470 Pdrmeno.
718 406 800 472 ΡΑ.
818 417 851 472 et
864 417 899 473 tu
912 408 1034 494 edepol,
1047 407 1139 496 Syra.

149 506 197 568 dio
213 505 267 582 mi,
284 505 353 582 obi,
370 503 518 583 Philotis,
535 515 567 570 te
583 504 752 572 oblectasti
769 509 835 572 tiuu
852 509 933 574 diu?

92 604 127 670 85
149 605 228 670 ΡΗ
242 605 385 668 minume
401 606 546 692 equidem
564 630 614 676 me
630 605 801 685 obleetam,
818 631 899 693 quae
915 632 988 674 oum
998 609 1100 676 milite
1171 627 1206 679 10

148 704 342 772 Corinthum
357 706 433 770 hino
449 729 519 770 sum
535 706 681 790 profecta
697 708 994 774 inhumanissumo:

102 799 108 807 ’
147 806 313 870 biennium
329 805 375 870 ibi
390 806 579 891 perpetuom
594 807 712 871 misera
728 807 818 872 illum
835 806 907 872 tuli.

148 905 229 971 PA.
246 905 361 992 edepdl
376 913 410 970 te
426 905 620 971 desiderium
636 905 841 972 Athenarum
858 906 1010 986 sirbitum,

147 1005 337 1085 Philotium,
353 1006 476 1091 cepisse
494 1028 588 1092 saepe
603 1014 636 1070 et
651 1006 683 1072 ιὸ
698 1015 789 1072 tuom

89 1106 125 1170 90
148 1107 317 1172 eonsssium
333 1107 572 1191 eontempsisse.
604 1105 687 1172 PH.
705 1129 771 1172 nou
787 1106 853 1172 diei
866 1116 984 1192 potest,
1171 1120 1205 1174 15

147 1229 244 1293 quam
259 1205 378 1291 odpida
393 1228 480 1270 eram
496 1207 559 1271 huo
575 1205 742 1285 redeundi,
758 1205 899 1272 abeundi
915 1231 935 1272 a
950 1207 1053 1272 mssite

146 1329 267 1392 uosque
284 1307 337 1371 hie
353 1306 496 1384 uidendi,
513 1306 649 1393 antiqua
664 1315 702 1372 ut
717 1307 950 1372 eonsuetddine

147 1407 302 1492 egituram
319 1406 404 1470 inter
421 1429 477 1470 uos
492 1407 593 1471 libere
608 1406 804 1473 eouuiuium.

147 1530 221 1572 nam
237 1506 286 1570 illi
301 1505 388 1572 huid
403 1505 520 1571 lioebat
534 1506 597 1571 nisi
613 1506 783 1592 praefinito
799 1507 887 1594 loqui

87 1606 124 1672 95
147 1630 229 1692 qnae
244 1607 295 1671 illi
308 1607 484 1692 placerent.
518 1605 600 1672 PA.
618 1607 705 1674 hstid
720 1608 835 1693 opinor
851 1606 1015 1672 commode
1169 1621 1207 1674 20

146 1709 243 1773 finem
260 1706 410 1771 statuisse
426 1706 563 1770 orationi
580 1707 726 1771 militem.

147 1807 230 1872 PH.
248 1806 305 1871 sed
319 1805 398 1891 quid
414 1806 473 1870 hoe
488 1806 630 1891 negotist
645 1806 740 1872 modo
754 1807 841 1893 quod
856 1807 1003 1872 narrauit
1019 1807 1098 1870 mihi

147 1908 199 1972 hie
214 1908 303 1972 intus
319 1906 482 1970 Baeohis?
504 1905 589 1992 quod
605 1929 666 1992 ego
681 1930 858 1993 numquam
874 1908 995 1972 credidi

147 2007 227 2086 fore,
244 2015 281 2072 ut
296 2006 352 2070 ille
367 2007 428 2070 hae
444 2005 522 2070 uiua
536 2005 645 2092 posset
661 2007 803 2072 animum
821 2007 973 2072 inddeere

68 2106 125 2171 100
147 2106 280 2172 uxdrem
295 2107 423 2172 habere.
456 2105 538 2171 PA.
555 2106 673 2172 habere
692 2108 825 2173 autem?
865 2108 949 2172 PH.
967 2109 1027 2172 eho
1046 2115 1093 2186 tu,
1111 2127 1152 2172 an
1169 2123 1205 2173 25

284 2205 349 2271 non
364 2205 485 2271 habet?

146 2306 230 2372 ΡΑ.
246 2307 354 2384 habet,
370 2305 427 2370 sed
441 2307 553 2371 firmae
569 2306 647 2372 haee
663 2307 775 2372 uereor
791 2315 829 2372 ut
844 2307 910 2373 sint
925 2307 1068 2394 nuptiae.

147 2408 230 2472 ΡΗ
249 2407 297 2471 ita
311 2406 347 2471 di
361 2407 503 2491 deaeque
518 2406 635 2485 faxint,
653 2407 729 2472 siin
748 2430 816 2472 rem
831 2416 880 2472 est
896 2407 1079 2472 Bacchidis.

146 2508 203 2572 sed
217 2507 276 2593 qui
290 2506 374 2571 istuo
390 2505 518 2570 credam
534 2505 579 2571 ita
595 2507 672 2585 esse,
689 2507 741 2572 dic
756 2507 845 2586 mihi,
862 2507 1031 2572 Parmeno.

146 2605 229 2672 PA.
246 2629 312 2670 non
328 2606 376 2671 est
391 2628 472 2690 opus
487 2605 614 2690 prolato
629 2608 708 2672 hoo:
733 2608 953 2693 pereontdrier

66 2704 122 2772 105
146 2706 273 2772 desiste.
306 2706 391 2772 PH.
407 2728 523 2792 nempe
539 2729 577 2771 ea
592 2708 688 2772 caiisa
702 2717 740 2773 ut
756 2730 796 2773 ne
813 2708 847 2772 id
863 2708 921 2773 fist
936 2707 1064 2792 palam?
1167 2720 1205 2773 30

145 2809 193 2873 ita
206 2808 259 2873 me
274 2807 309 2872 di
324 2808 488 2884 amabunt,
506 2806 593 2873 hadd
610 2816 781 2893 propterea
796 2809 828 2873 ιέ
844 2829 932 2893 rogo,

146 2916 182 2973 ιιι
197 2909 257 2973 hoe
273 2907 445 2993 proferam,
462 2907 518 2972 sed
534 2906 634 2998 tfteita
648 2916 686 2972 ut
702 2930 825 2973 meeum
842 2907 1009 2992 gaudeam.

146 3007 228 3075 ΡΑ.
246 3008 423 3093 numquam
438 3015 507 3071 tam
523 3007 609 3072 dines
625 3006 789 3073 commode
806 3016 843 3072 ut
858 3009 986 3092 tergum
1002 3029 1108 3072 meum

145 3118 236 3174 tuam
252 3110 286 3173 in
302 3109 398 3172 fidem
414 3107 623 3172 committam.
655 3107 738 3173 ΡΗ
755 3109 797 3174 ah
812 3107 889 3185 noli,
906 3108 1083 3172 Permeuo:

65 3205 122 3271 110
145 3209 238 3293 quasi
255 3208 291 3273 ui
309 3229 372 3272 non
388 3207 492 3272 multo
508 3207 602 3272 mulis
618 3231 750 3274 narrare
767 3207 827 3272 hdo
842 3207 922 3272 mihi
1168 3220 1204 3274 35

144 3331 241 3394 quam
254 3331 314 3393 ego
325 3308 408 3393 quae
419 3315 590 3393 percontor
602 3309 692 3373 seire.
721 3308 804 3374 PA.
816 3331 894 3374 uera
904 3309 984 3372 haee
995 3306 1170 3392 praedicat,

146 3417 178 3474 et
193 3408 276 3472 illdd
291 3408 371 3472 mihi
387 3408 537 3473 uitiumst
553 3408 748 3473 mdxumum.
782 3409 809 3473 si
826 3408 905 3473 mihi
921 3409 1017 3472 fidem

180 3543 213 3593 84
229 3544 275 3593 nbi
291 3542 400 3593 Philotis
417 3542 542 3592 Donatm:
564 3541 673 3592 Philotis
689 3543 734 3592 nbi
750 3542 821 3592 codd.
903 3541 949 3590 104
964 3541 1083 3604 posthoc
1100 3539 1152 3590 dis-

149 3615 303 3679 tinyuendum
315 3625 390 3666 censet
402 3613 540 3664 Dziotzko:
553 3623 609 3678 post
621 3616 721 3678 prolato
732 3613 793 3676 sely.
876 3615 923 3664 100
934 3616 1057 3663 amabunt
1070 3613 1152 3662 Dona-

148 3687 307 3811 missadedai&
328 3695 414 3737 ament
425 3689 466 3735 A:
483 3689 546 3735 bene
564 3692 680 3739 ament}
762 3687 808 3738 101
820 3688 899 3736 tacita
910 3694 940 3735 ut
951 3683 1102 3734 Fleckeisen:
1124 3693 1152 3733 ut

605 3869 669 3937 207
