2736 4352
129 252 183 312 IV.
199 251 232 312 iii
513 249 547 309 P.
569 249 756 310 TERENTI
782 250 886 310 AFRI

196 399 319 483 aliquid
329 397 422 462 domo
431 397 601 466 abeuntem
613 398 793 462 abstulisse.
815 397 897 462 PH
914 397 1037 482 nequeo
1048 396 1161 463 mirari
1169 397 1252 476 satis,

138 512 174 565 20
197 522 260 583 quo
276 498 331 562 ssle
347 498 435 562 abire
451 497 585 581 iguduos
601 499 703 582 possit
718 497 855 583 ldngiua
872 498 975 561 nisisi
990 499 1121 562 domum

196 599 281 663 forte
294 598 334 662 ad
346 620 405 661 nos
417 598 523 661 rediit.
547 599 631 663 ΡΥ.
650 598 719 662 u1‘se
731 599 846 663 amabo
857 598 935 660 mim
948 599 1001 662 sit.
1026 597 1109 663 PH.
1132 599 1197 663 iam

333 695 410 761 iaxd
426 697 562 761 scies.-

198 797 281 865 DO.
306 797 397 883 perii,
414 795 563 863 obsecret
592 806 659 863 tam
676 798 846 862 infandum
862 798 999 877 facinus,
1012 799 1082 862 mea
1097 806 1145 876 tu,
1158 821 1198 862 ne
1353 877 1354 902 1

333 898 446 963 audiui
463 899 601 984 quidem.
1353 911 1354 980 t

197 998 281 1064 ΡΥ.
306 1006 341 1064 at
364 997 418 1082 pol
442 1021 500 1082 ego
521 999 680 1064 amatores
695 999 859 1064 audieram
875 998 1046 1063 mrilierum
1061 1021 1129 1063 esse
1145 1021 1199 1064 eos
1222 997 1288 1062 665
1353 997 1354 1054 i

333 1098 509 1177 mdxumoa
1353 1109 1354 1126 ¹

198 1197 254 1262 sed
266 1198 314 1261 nss
328 1206 454 1282 potesse
466 1223 475 1275 ;
494 1197 609 1262 udrum
620 1198 756 1263 miserae
768 1197 832 1262 ndu
845 1199 878 1262 in
889 1207 1031 1262 mentem
1043 1199 1178 1262 uenerat
1189 1223 1197 1275 ;

118 1357 121 1364 .
138 1310 173 1362 25
197 1319 270 1362 nam
295 1297 388 1362 illum
409 1299 516 1382 aliquo
532 1298 757 1363 oonolusissem
772 1295 876 1382 ireque
899 1298 947 1362 illi
971 1297 1198 1362 edmmisissem

334 1398 507 1488 uirginem..

144 1609 174 1668 iv
222 1608 453 1668 Paruum
534 1611 675 1670 Doavs
757 1611 937 1670 Prrurss
1020 1611 1177 1670 Dorus

197 1734 281 1799 PH.
307 1733 372 1799 Exi
386 1735 483 1812 foras,
501 1735 641 1800 sceleste.
674 1744 709 1800 at
724 1736 823 1800 etiam
839 1737 977 1820 restitas,

197 1834 357 1919 fugitiue?
396 1835 499 1920 prodi,
531 1835 614 1899 mide
645 1836 822 1901 ooneiliate.
878 1836 1013 1926 120OE
1023 1837 1122 1924 VS).
1147 1835 1200 1901 66

333 1957 430 1999 seoro.
467 1934 550 1999 PH.
575 1936 627 2013 oh,

160 2030 162 2034 ’
197 2033 278 2098 illlid
293 2034 378 2113 uide,
395 2058 429 2098 os
447 2043 483 2099 ut
498 2035 561 2098 sr'bi
578 2036 723 2100 distorsit
740 2035 914 2101 edmufex!
1224 2035 1288 2100 670

196 2135 276 2220 quid
291 2135 353 2200 hue
369 2135 430 2198 tr'bi
446 2135 618 2201 reditiost?
649 2137 748 2201 uestis
764 2137 843 2221 quid
859 2136 1050 2201 mutatiost?

156 2250 173 2301 5
197 2235 276 2320 quid
291 2234 427 2300 narras?
458 2236 592 2321 paulum
609 2237 637 2300 si
652 2258 834 2314 cessassem,
851 2235 998 2322 Py'thias,

198 2335 285 2399 domi
301 2333 364 2398 non
381 2335 598 2414 offendissem,
615 2337 662 2400 ita
677 2336 741 2400 iam
757 2336 931 2400 adornaret
946 2336 1068 2420 fugam.

94 2497 98 2506 ,
198 2435 283 2500 ΡΥ.
308 2435 414 2500 haben
430 2434 600 2514 hominem,
618 2437 756 2500 amabo?
786 2436 870 2500 PH.
895 2435 973 2520 quid
989 2436 1023 2498 ni
1039 2434 1200 2499 habeam?

334 2535 420 2599 ΡΥ.
445 2535 603 2600 ofaotiim
619 2536 711 2600 bene.

198 2634 462 2721 DORQAS).
488 2636 572 2699 istrie
587 2636 642 2720 pol
658 2658 735 2700 uero
751 2635 843 2699 bene.
869 2635 954 2700 ΡΥ.
979 2634 1091 2699 ubist?
1114 2634 1198 2699 PH.
1223 2632 1288 2699 675

335 2733 480 2818 rogitas?
510 2735 575 2799 ndn
591 2736 707 2799 uides?

198 2835 282 2900 ΡΥ.
300 2835 449 2899 uideam?
473 2834 602 2900 dbseero
615 2837 735 2920 quem?
758 2835 841 2899 PH
859 2835 946 2899 huno
958 2834 1089 2899 sossieet.
1112 2833 1197 2898 ΡΥ.

335 2935 407 3019 quis
422 2935 475 2998 hio
491 2935 539 3000 est
554 2936 673 3000 homo?

141 3048 175 3098 10
199 3034 282 3099 PH.
300 3036 355 3118 qui
367 3036 407 3099 ad
422 3034 478 3098 uos
491 3036 647 3099 deductus
659 3034 794 3099 hodiest.
821 3035 904 3100 ΡΥ.
922 3035 1009 3098 huno
1020 3032 1121 3098 oeulis
1134 3033 1200 3098 suis

198 3135 380 3199 nostrarum
396 3158 570 3220 numquam
587 3136 757 3220 quisquam
772 3135 866 3212 uidit,
885 3133 1055 3199 Phaedria.

198 3233 282 3298 PH.
299 3257 364 3297 nou
373 3235 482 3298 uidit?
502 3236 587 3300 ΡΥ.
605 3258 646 3300 an
656 3244 693 3299 tu
705 3236 791 3298 hune
807 3235 972 3299 credidisti
982 3257 1060 3309 esse,
1072 3232 1213 3312 6bseom,

232 3369 279 3416 662
295 3366 356 3430 woly.
368 3377 411 3418 aut
422 3369 474 3418 iilia
485 3386 532 3432 pro
543 3371 586 3418 ille
597 3378 711 3434 reponunt
722 3369 833 3418 edduut
848 3369 907 3418 hino
918 3377 973 3418 ante
985 3367 1022 3417 uel
1034 3377 1089 3432 post
1105 3369 1150 3418 ille
1161 3368 1200 3417 in-

200 3448 294 3488 serum:
310 3440 352 3488 sed
370 3449 457 3489 enatato
474 3458 520 3490 non
535 3459 591 3504 opus
608 3452 657 3492 est:
674 3458 756 3491 uersus
771 3441 902 3492 trochaicus
921 3440 981 3489 inter
997 3441 1111 3490 iambicos
1127 3440 1200 3489 inter·

199 3511 270 3572 cedit,
289 3519 314 3559 ut
336 3529 414 3574 saepe,
431 3511 469 3561 uel
484 3529 558 3576 supra
575 3513 601 3562 in
620 3530 642 3561 a.
660 3515 716 3573 649,
734 3512 775 3563 ubi
792 3515 833 3562 hio
849 3511 934 3562 inserit
952 3511 1089 3561 Fleckeisen
1099 3513 1200 3575 frustra

200 3584 247 3631 665
263 3591 389 3632 amatores
411 3586 545 3634 mulierum
567 3603 620 3634 esse
643 3587 774 3634 audieram
795 3604 838 3636 eos
854 3584 894 3634 A:
911 3593 988 3634 amat.
1006 3584 1062 3633 aud.
1080 3602 1123 3633 eos
1145 3601 1200 3634 esse

199 3656 260 3703 mul.
279 3655 306 3703 Ε
311 3673 317 3704 :
337 3664 414 3706 eruat.
430 3659 487 3707 aud.
499 3659 560 3707 mul.
577 3675 631 3708 esse
648 3675 691 3708 eos
701 3667 752 3708 cett.
844 3658 890 3710 671
907 3659 987 3708 uestis
1003 3657 1063 3722 quid
1080 3655 1198 3720 Bentley:

200 3726 261 3791 quid
273 3729 352 3777 uestis
362 3728 432 3777 codd.

688 3857 752 3924 130
