2736 4352
151 285 190 346 V.
205 283 227 344 ii
528 285 563 344 P.
585 285 776 344 TERENTI
803 285 908 344 AFRI

217 429 292 497 GH.
309 429 392 494 hanc
408 429 507 495 me'tui
523 453 629 494 neme
646 415 870 494 criminaretur
886 429 957 494 tibi.
1246 429 1312 496 855

214 529 288 596 ΤΗ
304 529 383 615 quid
410 529 558 595 feceras?
601 529 676 597 GH.
695 529 827 615 paulum
854 529 1017 616 quiddam.
1057 529 1096 596 P
1101 530 1143 596 Y.
1162 529 1222 596 eho

351 628 523 713 ‘paulumss
540 628 725 714 inpudens?

212 751 254 794 an
269 728 403 814 paullum
419 728 478 794 hoc
494 751 562 793 esse
577 728 639 792 tssri
654 728 795 807 uidetur,
810 728 972 813 uirginem

212 829 328 894 uitidre
344 828 472 893 ciuem?
526 827 601 896 GH.
618 827 805 894 conseruam
822 850 891 893 esse
907 828 1038 893 credidi.

151 944 188 996 20
214 928 299 994 PK
317 930 528 993 conseruam?
550 928 607 992 uix
623 928 772 992 contineo
787 950 839 992 me
853 927 932 1013 quin
948 927 1090 993 inuolem

212 1035 355 1092 monstro
371 1027 405 1092 in
421 1027 592 1114 capillum:
617 1027 713 1092 etiam
730 1027 816 1092 ultro
832 1027 973 1092 derisum
989 1027 1132 1092 iduenit.
1244 1027 1310 1094 860

217 1128 291 1194 ΤΗ.
307 1128 384 1192 abin
393 1129 478 1207 hinc,
494 1127 630 1192 insana?
663 1127 748 1192 PF.
765 1127 844 1213 quid
859 1127 906 1192 ita
921 1129 1022 1193 uero?
1057 1127 1202 1208 debeam,

211 1229 317 1308 credo,
333 1229 388 1294 isti
403 1228 575 1315 quicquam
591 1227 757 1305 furcifero,
774 1226 808 1291 id
824 1226 851 1292 si
867 1227 1018 1306 fecerim

212 1328 400 1414 praesertim
416 1351 513 1413 quom
528 1350 562 1392 ee
579 1328 705 1392 seruom
720 1327 863 1392 fatentur
877 1335 977 1391 tuom.

151 1443 186 1496 25
219 1427 292 1493 ΤΗ
310 1429 407 1493 missu
421 1429 499 1493 hudo
514 1427 679 1492 faciamus.
727 1426 791 1491 n6n
808 1434 841 1490 te
857 1426 1002 1512 dignum,
1019 1424 1174 1505 Chaerea,

211 1527 338 1604 fecisti3
362 1551 438 1593 nam
454 1528 480 1593 si
497 1551 556 1614 ego
573 1527 672 1613 digna
686 1527 747 1591 hac
763 1526 956 1591 contumelia
1244 1524 1306 1592 865

212 1651 283 1692 sum
299 1629 457 1706 mfumme,
474 1637 509 1693 ct
524 1637 561 1692 tu
577 1628 729 1712 indiguus
745 1626 801 1713 qui
816 1625 938 1691 faceres
954 1634 1072 1692 temen.
1117 1703 1119 1708 Ι

212 1751 315 1815 neque
331 1729 443 1815 edepol
458 1728 537 1814 quid
552 1750 639 1792 nunc
655 1726 767 1792 consili
784 1725 909 1811 capium
925 1724 990 1790 scio

211 1829 251 1893 dc
267 1828 394 1914 uirgine
409 1829 507 1894 istac:
532 1829 579 1892 fta
594 1827 795 1892 conturbasti
810 1825 888 1890 mihi

150 1942 187 1996 30
214 1928 354 1994 rationes
370 1929 483 2006 omnis,
500 1928 538 1992 rit
552 1950 624 1993 eam
638 1950 703 1992 non
719 1927 839 2012 possim
855 1925 922 1990 suis

212 2029 260 2094 ita
275 2037 313 2093 ut
328 2030 462 2114 aequom
477 2028 586 2092 fuerat
602 2028 699 2112 itque
714 2035 752 2091 ut
767 2025 877 2091 studui
893 2025 1031 2103 eredere,
1061 2049 1065 2058 ·
1243 2023 1305 2089 870

212 2138 249 2194 ut
265 2129 401 2194 sdlidum
417 2151 563 2214 parerem
579 2127 639 2191 hoc
655 2129 701 2192 m1'
716 2126 915 2204 beneficium,
933 2123 1088 2191 Chaerea.

219 2228 294 2297 CH.
312 2238 345 2294 at
361 2229 447 2293 minc
463 2229 579 2292 dehinc
595 2250 688 2312 spero
704 2227 865 2292 eele‘rnam
882 2225 1042 2290 internos
1057 2223 1197 2310 gretiam

211 2329 291 2407 fore,
307 2328 419 2394 Thdi‘s.
467 2350 560 2413 saepe
576 2351 616 2391 ex
631 2328 726 2391 huius
742 2325 828 2390 modi
844 2347 879 2390 re
896 2325 1048 2412 qudpium

95 2440 97 2445 '
149 2442 186 2496 35
213 2428 298 2494 malo
312 2428 471 2514 principio
486 2429 604 2512 mdgna
618 2426 822 2492 familidritcs
1355 2497 1356 2512 χ

211 2529 390 2594 confinient.
437 2527 515 2613 quid
532 2527 559 2591 si
576 2528 635 2590 hoc
651 2526 810 2611 quispiam
826 2525 931 2591 uoluit
947 2525 1049 2590 deus?
1244 2521 1304 2590 875
1355 2585 1356 2588 ,

217 2628 290 2692 ΤΗ
308 2628 455 2713 equidem
470 2627 525 2712 pol
540 2627 574 2690 in
591 2649 661 2692 eam
676 2627 801 2710 perlem
817 2625 1000 2711 accipioque
1018 2625 1050 2688 et
1066 2622 1149 2688 uolo.
1355 2623 1356 2634 ’

219 2725 295 2796 OH.
311 2727 407 2792 immo
423 2727 469 2792 ita
484 2749 612 2812 quaeso.
660 2749 761 2790 unum
776 2727 836 2790 hoc
853 2727 941 2802 sesto,
959 2723 1170 2790 contumeliae

211 2851 276 2893 non
292 2828 342 2892 me
358 2826 591 2904 {consecutiam
608 2826 664 2891 sed
679 2826 806 2890 amoris.
859 2823 932 2889 ΤΗ
950 2824 1025 2904 scio,

151 2941 187 2994 40
215 2935 248 2992 et
262 2926 317 3013 pol
332 2935 501 3013 propterea
517 2925 619 3011 migis
635 2948 721 2990 nuno
738 2923 868 3011 ignosco
882 2924 955 2989 tibi.

212 3050 276 3092 non
294 3026 372 3092 ddeo
387 3026 564 3091 inhumano
578 3025 708 3112 ingenio
725 3047 807 3104 sum,
824 3023 979 3102 Chaerea,

212 3149 316 3212 neque
331 3127 379 3191 ita
393 3126 541 3211 inperita,
559 3134 597 3192 ut
612 3126 691 3212 quid
707 3147 797 3190 emor
811 3125 920 3190 ualeat
936 3123 1084 3190 nesciam.

220 3226 296 3294 GH.
312 3233 345 3291 te
361 3225 488 3312 quoque
504 3225 578 3305 inm,
594 3225 706 3304 Thais,
722 3227 771 3290 lta
785 3248 836 3290 mc
853 3225 887 3290 di
903 3224 984 3289 bene
1000 3224 1211 3302 amdntmmo.

214 3327 299 3392 PK
315 3333 386 3390 tum
400 3323 456 3411 pol
470 3325 531 3390 tibi
547 3325 588 3390 ab
604 3326 693 3403 istoc,
711 3326 776 3404 era,
793 3325 971 3389 cauendum
988 3323 1151 3408 intellego.
1271 3355 1274 3360 ·

244 3477 293 3527 859
309 3476 344 3526 cic
360 3475 515 3528 Fleckeisent
532 3494 572 3526 me
590 3478 704 3526 contineo
721 3475 791 3525 codd.
952 3475 1001 3524 860
1017 3472 1171 3524 Fleckeisen:
1190 3474 1218 3524 ἰιι

213 3550 334 3612 capillum
345 3559 485 3616 monstrum
497 3549 566 3598 codd.
647 3549 695 3598 862
711 3549 738 3597 id
750 3550 771 3598 ei
783 3547 935 3598 Fleckeisen:
953 3548 974 3596 si
984 3547 1011 3596 id
1022 3545 1093 3596 codd.
1169 3545 1214 3595 871

213 3623 362 3672 beneficium
374 3621 453 3678 codd,
464 3630 532 3679 recte,
544 3630 569 3670 ut
581 3620 690 3671 uidetur:
711 3621 762 3670 uid.
779 3620 893 3683 Lindsay
904 3620 939 3669 ad
951 3617 1036 3668 Plau.
1052 3618 1122 3683 capt.
1128 3635 1156 3682 p.
1164 3619 1214 3668 73:

213 3695 347 3744 benficium
359 3693 494 3743 Fleckeisen
648 3691 696 3744 874
712 3701 739 3742 et
751 3690 830 3742 uelox
842 3691 879 3742 uel
889 3709 903 3741 e
914 3691 982 3741 malo
993 3689 1063 3740 codd.
1073 3707 1079 3736 ι
1096 3690 1218 3754 qucpiem

213 3773 240 3816 ct
253 3763 259 3828 Ι
272 3766 340 3815 melo
351 3783 388 3829 pr.
402 3764 505 3828 Bentley

702 3891 766 3958 140
