<?xml version="1.0" encoding="UTF-8"?>
<!DOCTYPE html PUBLIC "-//W3C//DTD XHTML 1.0 Transitional//EN"
    "http://www.w3.org/TR/xhtml1/DTD/xhtml1-transitional.dtd">
<html xmlns="http://www.w3.org/1999/xhtml" xml:lang="en" lang="en">
 <head>
  <title>
</title>
<meta http-equiv="Content-Type" content="text/html;charset=utf-8" />
  <meta name='ocr-system' content='tesseract 3.04.00' />
  <meta name='ocr-capabilities' content='ocr_page ocr_carea ocr_par ocr_line ocrx_word'/>
</head>
<body>
  <div class='ocr_page' id='page_1' title='image "./pterentiafricom02ashmgoog_0233.png"; bbox 0 0 2736 4352; ppageno 0'>
   <div class='ocr_carea' id='block_1_1' title="bbox 155 279 897 342">
    <p class='ocr_par' dir='ltr' id='par_1_1' title="bbox 155 216 1355 342">
     <span class='ocr_line' id='line_1_1' title="bbox 155 279 897 342; baseline -0.004 0"><span class='ocrx_word' id='word_1_1' title='bbox 155 283 193 342; x_wconf 90' lang='lat' dir='ltr'><strong>V.</strong></span> <span class='ocrx_word' id='word_1_2' title='bbox 207 282 238 341; x_wconf 79' lang='lat' dir='ltr'><strong>vi</strong></span> <span class='ocrx_word' id='word_1_3' title='bbox 522 281 556 340; x_wconf 90' lang='lat' dir='ltr'><strong>P.</strong></span> <span class='ocrx_word' id='word_1_4' title='bbox 578 280 767 340; x_wconf 84' lang='lat' dir='ltr'>TERENTI</span> <span class='ocrx_word' id='word_1_5' title='bbox 793 279 897 338; x_wconf 83' lang='lat' dir='ltr'>AFRI</span> 
     </span>
    </p>
   </div>
   <div class='ocr_carea' id='block_1_2' title="bbox 158 423 1316 2820">
    <p class='ocr_par' dir='ltr' id='par_1_2' title="bbox 158 423 1316 2820">
     <span class='ocr_line' id='line_1_2' title="bbox 201 423 1316 515; baseline -0.004 -21"><span class='ocrx_word' id='word_1_6' title='bbox 201 428 284 494; x_wconf 82' lang='lat' dir='ltr'><strong>PA.</strong></span> <span class='ocrx_word' id='word_1_7' title='bbox 300 428 379 515; x_wconf 91' lang='lat' dir='ltr'><strong>quid</strong></span> <span class='ocrx_word' id='word_1_8' title='bbox 395 428 454 493; x_wconf 87' lang='lat' dir='ltr'><strong>hoe</strong></span> <span class='ocrx_word' id='word_1_9' title='bbox 470 427 633 492; x_wconf 78' lang='lat' dir='ltr'><strong>adtemst?</strong></span> <span class='ocrx_word' id='word_1_10' title='bbox 678 427 765 493; x_wconf 88' lang='grc' dir='ltr'><strong>ΡΥ.</strong></span> <span class='ocrx_word' id='word_1_11' title='bbox 781 448 870 492; x_wconf 88' lang='lat' dir='ltr'><strong>nune</strong></span> <span class='ocrx_word' id='word_1_12' title='bbox 885 425 919 490; x_wconf 92' lang='lat' dir='ltr'><strong>id</strong></span> <span class='ocrx_word' id='word_1_13' title='bbox 941 423 1060 511; x_wconf 72' lang='lat' dir='ltr'><strong>predeo</strong></span> <span class='ocrx_word' id='word_1_14' title='bbox 1082 432 1121 489; x_wconf 85' lang='lat' dir='ltr'><strong>ut</strong></span> <span class='ocrx_word' id='word_1_15' title='bbox 1141 423 1316 490; x_wconf 79' lang='lat' dir='ltr'><strong>eon-1005</strong></span> 
     </span>
     <span class='ocr_line' id='line_1_3' title="bbox 337 525 724 594; baseline -0.005 0"><span class='ocrx_word' id='word_1_16' title='bbox 337 527 466 594; x_wconf 75' lang='lat' dir='ltr'><strong>niniam</strong></span> <span class='ocrx_word' id='word_1_17' title='bbox 481 525 724 593; x_wconf 74' lang='lat' dir='ltr'><strong>Parmendnem.</strong></span> 
     </span>
     <span class='ocr_line' id='line_1_4' title="bbox 170 625 1200 711; baseline -0.004 -17"><span class='ocrx_word' id='word_1_18' title='bbox 170 628 257 694; x_wconf 74' lang='lat' dir='ltr'><strong>tsed</strong></span> <span class='ocrx_word' id='word_1_19' title='bbox 280 627 337 693; x_wconf 90' lang='lat' dir='ltr'><strong>ubi</strong></span> <span class='ocrx_word' id='word_1_20' title='bbox 363 627 494 693; x_wconf 87' lang='lat' dir='ltr'><strong>6bseer0</strong></span> <span class='ocrx_word' id='word_1_21' title='bbox 519 629 594 692; x_wconf 86' lang='lat' dir='ltr'><strong>est?</strong></span> <span class='ocrx_word' id='word_1_22' title='bbox 640 626 723 692; x_wconf 84' lang='lat' dir='ltr'><strong>PA.</strong></span> <span class='ocrx_word' id='word_1_23' title='bbox 747 649 798 692; x_wconf 89' lang='lat' dir='ltr'><strong>me</strong></span> <span class='ocrx_word' id='word_1_24' title='bbox 829 625 955 711; x_wconf 72' lang='lat' dir='ltr'><strong>quaerit</strong></span> <span class='ocrx_word' id='word_1_25' title='bbox 978 625 1067 690; x_wconf 77' lang='lat' dir='ltr'><strong>haee.</strong></span> <span class='ocrx_word' id='word_1_26' title='bbox 1114 625 1200 690; x_wconf 97' lang='grc' dir='ltr'><strong>ΡΥ.</strong></span> 
     </span>
     <span class='ocr_line' id='line_1_5' title="bbox 338 726 818 812; baseline -0.004 -20"><span class='ocrx_word' id='word_1_27' title='bbox 338 734 434 812; x_wconf 84' lang='lat' dir='ltr'><strong>atque</strong></span> <span class='ocrx_word' id='word_1_28' title='bbox 450 728 560 792; x_wconf 77' lang='lat' dir='ltr'><strong>‹ieeum</strong></span> <span class='ocrx_word' id='word_1_29' title='bbox 575 726 688 792; x_wconf 84' lang='lat' dir='ltr'><strong>uideo:</strong></span> <span class='ocrx_word' id='word_1_30' title='bbox 713 726 818 791; x_wconf 65' lang='lat' dir='ltr'><strong>adstro.</strong></span> 
     </span>
     <span class='ocr_line' id='line_1_6' title="bbox 200 825 1202 913; baseline -0.006 -19"><span class='ocrx_word' id='word_1_31' title='bbox 200 826 283 894; x_wconf 87' lang='lat' dir='ltr'><strong>PA.</strong></span> <span class='ocrx_word' id='word_1_32' title='bbox 302 826 450 913; x_wconf 71' lang='lat' dir='ltr'><strong>quidest,</strong></span> <span class='ocrx_word' id='word_1_33' title='bbox 463 827 598 912; x_wconf 79' lang='lat' dir='ltr'><strong>inepta?</strong></span> <span class='ocrx_word' id='word_1_34' title='bbox 632 825 711 912; x_wconf 89' lang='lat' dir='ltr'><strong>quid</strong></span> <span class='ocrx_word' id='word_1_35' title='bbox 721 825 783 891; x_wconf 87' lang='lat' dir='ltr'><strong>tibi</strong></span> <span class='ocrx_word' id='word_1_36' title='bbox 796 827 868 892; x_wconf 79' lang='lat' dir='ltr'><strong>est?</strong></span> <span class='ocrx_word' id='word_1_37' title='bbox 885 825 977 912; x_wconf 73' lang='lat' dir='ltr'><strong>*quid</strong></span> <span class='ocrx_word' id='word_1_38' title='bbox 989 825 1099 891; x_wconf 85' lang='lat' dir='ltr'><strong>rides?</strong></span> <span class='ocrx_word' id='word_1_39' title='bbox 1130 847 1202 910; x_wconf 87' lang='lat' dir='ltr'><strong>per-</strong></span> 
     </span>
     <span class='ocr_line' id='line_1_7' title="bbox 337 924 670 1012; baseline 0.003 -22"><span class='ocrx_word' id='word_1_40' title='bbox 337 926 419 1012; x_wconf 86' lang='lat' dir='ltr'><strong>gin?</strong></span> <span class='ocrx_word' id='word_1_41' title='bbox 465 927 550 992; x_wconf 88' lang='grc' dir='ltr'><strong>ΡΥ.</strong></span> <span class='ocrx_word' id='word_1_42' title='bbox 567 924 670 1011; x_wconf 73' lang='lat' dir='ltr'><strong>perii:</strong></span> 
     </span>
     <span class='ocr_line' id='line_1_8' title="bbox 200 1023 1202 1112; baseline -0.004 -19"><span class='ocrx_word' id='word_1_43' title='bbox 200 1025 326 1093; x_wconf 68' lang='lat' dir='ltr'><strong>defesse</strong></span> <span class='ocrx_word' id='word_1_44' title='bbox 349 1027 414 1092; x_wconf 84' lang='lat' dir='ltr'><strong>iam</strong></span> <span class='ocrx_word' id='word_1_45' title='bbox 441 1049 511 1091; x_wconf 92' lang='lat' dir='ltr'><strong>sum</strong></span> <span class='ocrx_word' id='word_1_46' title='bbox 534 1027 652 1091; x_wconf 82' lang='lat' dir='ltr'><strong>misera</strong></span> <span class='ocrx_word' id='word_1_47' title='bbox 675 1034 708 1092; x_wconf 87' lang='lat' dir='ltr'><strong>te</strong></span> <span class='ocrx_word' id='word_1_48' title='bbox 739 1025 882 1091; x_wconf 72' lang='lat' dir='ltr'><strong>ridendo.</strong></span> <span class='ocrx_word' id='word_1_49' title='bbox 926 1024 1010 1091; x_wconf 82' lang='lat' dir='ltr'><strong>PA.</strong></span> <span class='ocrx_word' id='word_1_50' title='bbox 1026 1023 1105 1112; x_wconf 89' lang='lat' dir='ltr'><strong>quid</strong></span> <span class='ocrx_word' id='word_1_51' title='bbox 1130 1024 1202 1090; x_wconf 81' lang='lat' dir='ltr'><strong>ita?</strong></span> 
     </span>
     <span class='ocr_line' id='line_1_9' title="bbox 339 1125 588 1212; baseline -0.008 -20"><span class='ocrx_word' id='word_1_52' title='bbox 339 1127 424 1192; x_wconf 92' lang='grc' dir='ltr'><strong>ΡΥ.</strong></span> <span class='ocrx_word' id='word_1_53' title='bbox 442 1125 588 1212; x_wconf 78' lang='lat' dir='ltr'><strong>rdgitas?</strong></span> 
     </span>
     <span class='ocr_line' id='line_1_10' title="bbox 201 1224 1190 1312; baseline 0 -22"><span class='ocrx_word' id='word_1_54' title='bbox 201 1227 377 1312; x_wconf 80' lang='lat' dir='ltr'><strong>numqnim</strong></span> <span class='ocrx_word' id='word_1_55' title='bbox 387 1227 442 1312; x_wconf 91' lang='lat' dir='ltr'><strong>pol</strong></span> <span class='ocrx_word' id='word_1_56' title='bbox 453 1226 616 1291; x_wconf 88' lang='lat' dir='ltr'><strong>hominem</strong></span> <span class='ocrx_word' id='word_1_57' title='bbox 628 1225 807 1291; x_wconf 79' lang='lat' dir='ltr'><strong>striltiorem</strong></span> <span class='ocrx_word' id='word_1_58' title='bbox 820 1225 887 1291; x_wconf 89' lang='lat' dir='ltr'><strong>uidi</strong></span> <span class='ocrx_word' id='word_1_59' title='bbox 898 1248 958 1290; x_wconf 87' lang='lat' dir='ltr'><strong>nee</strong></span> <span class='ocrx_word' id='word_1_60' title='bbox 970 1224 1096 1290; x_wconf 75' lang='lat' dir='ltr'><strong>uidebo.</strong></span> <span class='ocrx_word' id='word_1_61' title='bbox 1136 1225 1190 1304; x_wconf 82' lang='lat' dir='ltr'><strong>ah,</strong></span> 
     </span>
     <span class='ocr_line' id='line_1_11' title="bbox 201 1328 1314 1416; baseline -0.002 -21"><span class='ocrx_word' id='word_1_62' title='bbox 201 1353 266 1396; x_wconf 90' lang='lat' dir='ltr'><strong>non</strong></span> <span class='ocrx_word' id='word_1_63' title='bbox 281 1329 411 1416; x_wconf 77' lang='lat' dir='ltr'><strong>pdssum</strong></span> <span class='ocrx_word' id='word_1_64' title='bbox 428 1329 506 1395; x_wconf 83' lang='lat' dir='ltr'><strong>setis</strong></span> <span class='ocrx_word' id='word_1_65' title='bbox 522 1331 652 1396; x_wconf 77' lang='lat' dir='ltr'><strong>nerrire</strong></span> <span class='ocrx_word' id='word_1_66' title='bbox 669 1352 748 1415; x_wconf 90' lang='lat' dir='ltr'><strong>quos</strong></span> <span class='ocrx_word' id='word_1_67' title='bbox 763 1328 856 1394; x_wconf 71' lang='lat' dir='ltr'><strong>ludis</strong></span> <span class='ocrx_word' id='word_1_68' title='bbox 871 1328 1057 1414; x_wconf 78' lang='lat' dir='ltr'>praebueris</span> <span class='ocrx_word' id='word_1_69' title='bbox 1072 1329 1171 1394; x_wconf 90' lang='lat' dir='ltr'><strong>intus.</strong></span> <span class='ocrx_word' id='word_1_70' title='bbox 1227 1329 1314 1394; x_wconf 87' lang='grc'><strong>1010</strong></span> 
     </span>
     <span class='ocr_line' id='line_1_12' title="bbox 158 1431 1185 1519; baseline -0.002 -19"><span class='ocrx_word' id='word_1_71' title='bbox 158 1450 193 1500; x_wconf 88' lang='grc'><strong>10</strong></span> <span class='ocrx_word' id='word_1_72' title='bbox 204 1443 240 1500; x_wconf 81' lang='lat' dir='ltr'><strong>at</strong></span> <span class='ocrx_word' id='word_1_73' title='bbox 255 1435 352 1500; x_wconf 73' lang='lat' dir='ltr'><strong>etiam</strong></span> <span class='ocrx_word' id='word_1_74' title='bbox 367 1435 473 1519; x_wconf 90' lang='lat' dir='ltr'><strong>primo</strong></span> <span class='ocrx_word' id='word_1_75' title='bbox 488 1433 641 1499; x_wconf 78' lang='lat' dir='ltr'><strong>cillidum</strong></span> <span class='ocrx_word' id='word_1_76' title='bbox 656 1441 690 1498; x_wconf 89' lang='lat' dir='ltr'><strong>et</strong></span> <span class='ocrx_word' id='word_1_77' title='bbox 705 1434 861 1499; x_wconf 74' lang='lat' dir='ltr'><strong>disertum</strong></span> <span class='ocrx_word' id='word_1_78' title='bbox 876 1433 998 1498; x_wconf 80' lang='lat' dir='ltr'><strong>credidi</strong></span> <span class='ocrx_word' id='word_1_79' title='bbox 1013 1431 1185 1498; x_wconf 75' lang='lat' dir='ltr'><strong>himinem.</strong></span> 
     </span>
     <span class='ocr_line' id='line_1_13' title="bbox 202 1533 1072 1622; baseline 0 -22"><span class='ocrx_word' id='word_1_80' title='bbox 202 1535 303 1622; x_wconf 89' lang='lat' dir='ltr'><strong>quid?</strong></span> <span class='ocrx_word' id='word_1_81' title='bbox 348 1535 463 1600; x_wconf 87' lang='lat' dir='ltr'><strong>ssieone</strong></span> <span class='ocrx_word' id='word_1_82' title='bbox 479 1535 607 1600; x_wconf 74' lang='lat' dir='ltr'><strong>eredere</strong></span> <span class='ocrx_word' id='word_1_83' title='bbox 622 1557 758 1620; x_wconf 83' lang='lat' dir='ltr'><strong>eaquae</strong></span> <span class='ocrx_word' id='word_1_84' title='bbox 774 1533 841 1600; x_wconf 84' lang='lat' dir='ltr'><strong>dixi</strong></span> <span class='ocrx_word' id='word_1_85' title='bbox 857 1535 1000 1620; x_wconf 82' lang='lat' dir='ltr'><strong>oportuit</strong></span> <span class='ocrx_word' id='word_1_86' title='bbox 1015 1535 1072 1600; x_wconf 85' lang='lat' dir='ltr'><strong>te?</strong></span> 
     </span>
     <span class='ocr_line' id='line_1_14' title="bbox 202 1633 1016 1720; baseline -0.002 -19"><span class='ocrx_word' id='word_1_87' title='bbox 202 1658 244 1701; x_wconf 84' lang='lat' dir='ltr'><strong>en</strong></span> <span class='ocrx_word' id='word_1_88' title='bbox 261 1635 446 1720; x_wconf 73' lang='lat' dir='ltr'><strong>paenitebat</strong></span> <span class='ocrx_word' id='word_1_89' title='bbox 462 1635 574 1720; x_wconf 77' lang='lat' dir='ltr'><strong>digiti,</strong></span> <span class='ocrx_word' id='word_1_90' title='bbox 590 1642 624 1700; x_wconf 92' lang='lat' dir='ltr'><strong>te</strong></span> <span class='ocrx_word' id='word_1_91' title='bbox 640 1633 769 1700; x_wconf 74' lang='lat' dir='ltr'><strong>auettire</strong></span> <span class='ocrx_word' id='word_1_92' title='bbox 785 1635 871 1720; x_wconf 86' lang='lat' dir='ltr'><strong>quod</strong></span> <span class='ocrx_word' id='word_1_93' title='bbox 886 1634 1016 1699; x_wconf 74' lang='lat' dir='ltr'><strong>fecisset</strong></span> 
     </span>
     <span class='ocr_line' id='line_1_15' title="bbox 202 1733 1172 1820; baseline -0.003 -19"><span class='ocrx_word' id='word_1_94' title='bbox 202 1735 397 1812; x_wconf 71' lang='lat' dir='ltr'><strong>adulescens,</strong></span> <span class='ocrx_word' id='word_1_95' title='bbox 413 1734 448 1798; x_wconf 91' lang='lat' dir='ltr'><strong>ni</strong></span> <span class='ocrx_word' id='word_1_96' title='bbox 463 1734 614 1800; x_wconf 88' lang='lat' dir='ltr'><strong>miserum</strong></span> <span class='ocrx_word' id='word_1_97' title='bbox 630 1735 762 1820; x_wconf 89' lang='lat' dir='ltr'><strong>insuper</strong></span> <span class='ocrx_word' id='word_1_98' title='bbox 777 1734 874 1799; x_wconf 79' lang='lat' dir='ltr'><strong>etiim</strong></span> <span class='ocrx_word' id='word_1_99' title='bbox 888 1733 975 1819; x_wconf 82' lang='lat' dir='ltr'><strong>patri</strong></span> <span class='ocrx_word' id='word_1_100' title='bbox 990 1733 1172 1799; x_wconf 69' lang='lat' dir='ltr'><strong>indiceres?</strong></span> 
     </span>
     <span class='ocr_line' id='line_1_16' title="bbox 201 1833 1315 1924; baseline -0.001 -24"><span class='ocrx_word' id='word_1_101' title='bbox 201 1858 277 1900; x_wconf 81' lang='lat' dir='ltr'><strong>nem</strong></span> <span class='ocrx_word' id='word_1_102' title='bbox 294 1835 372 1921; x_wconf 90' lang='lat' dir='ltr'><strong>quid</strong></span> <span class='ocrx_word' id='word_1_103' title='bbox 388 1835 436 1924; x_wconf 58' lang='lat' dir='ltr'><strong>illi</strong></span> <span class='ocrx_word' id='word_1_104' title='bbox 451 1835 556 1900; x_wconf 84' lang='lat' dir='ltr'><strong>eredis</strong></span> <span class='ocrx_word' id='word_1_105' title='bbox 571 1835 641 1900; x_wconf 77' lang='lat' dir='ltr'><strong>trim</strong></span> <span class='ocrx_word' id='word_1_106' title='bbox 658 1834 758 1900; x_wconf 80' lang='lat' dir='ltr'><strong>enimi</strong></span> <span class='ocrx_word' id='word_1_107' title='bbox 773 1835 883 1912; x_wconf 78' lang='lat' dir='ltr'><strong>fuisse,</strong></span> <span class='ocrx_word' id='word_1_108' title='bbox 894 1833 950 1898; x_wconf 91' lang='lat' dir='ltr'><strong>ubi</strong></span> <span class='ocrx_word' id='word_1_109' title='bbox 965 1842 1089 1900; x_wconf 87' lang='lat' dir='ltr'><strong>uestem</strong></span> <span class='ocrx_word' id='word_1_110' title='bbox 1104 1833 1188 1898; x_wconf 85' lang='lat' dir='ltr'><strong>uidit</strong></span> <span class='ocrx_word' id='word_1_111' title='bbox 1228 1833 1315 1900; x_wconf 89' lang='grc'><strong>1015</strong></span> 
     </span>
     <span class='ocr_line' id='line_1_17' title="bbox 158 1933 1247 2020; baseline -0.002 -20"><span class='ocrx_word' id='word_1_112' title='bbox 158 1951 192 2002; x_wconf 89' lang='grc'><strong>15</strong></span> <span class='ocrx_word' id='word_1_113' title='bbox 204 1935 294 2001; x_wconf 78' lang='lat' dir='ltr'><strong>illam</strong></span> <span class='ocrx_word' id='word_1_114' title='bbox 309 1936 377 2000; x_wconf 74' lang='lat' dir='ltr'><strong>esse</strong></span> <span class='ocrx_word' id='word_1_115' title='bbox 391 1958 467 2000; x_wconf 87' lang='lat' dir='ltr'><strong>eum</strong></span> <span class='ocrx_word' id='word_1_116' title='bbox 481 1935 632 2000; x_wconf 80' lang='lat' dir='ltr'><strong>indutrim</strong></span> <span class='ocrx_word' id='word_1_117' title='bbox 648 1936 761 2020; x_wconf 84' lang='lat' dir='ltr'><strong>peter?</strong></span> <span class='ocrx_word' id='word_1_118' title='bbox 775 1933 878 2020; x_wconf 86' lang='lat' dir='ltr'><strong>quid?</strong></span> <span class='ocrx_word' id='word_1_119' title='bbox 894 1934 959 1999; x_wconf 73' lang='lat' dir='ltr'><strong>itm</strong></span> <span class='ocrx_word' id='word_1_120' title='bbox 975 1934 1036 1999; x_wconf 87' lang='lat' dir='ltr'><strong>seis</strong></span> <span class='ocrx_word' id='word_1_121' title='bbox 1051 1941 1085 1998; x_wconf 90' lang='lat' dir='ltr'><strong>te</strong></span> <span class='ocrx_word' id='word_1_122' title='bbox 1100 1935 1247 2019; x_wconf 84' lang='lat' dir='ltr'><strong>perisse?</strong></span> 
     </span>
     <span class='ocr_line' id='line_1_18' title="bbox 203 2034 1280 2121; baseline -0.004 -19"><span class='ocrx_word' id='word_1_123' title='bbox 203 2035 286 2102; x_wconf 86' lang='lat' dir='ltr'><strong>PA.</strong></span> <span class='ocrx_word' id='word_1_124' title='bbox 299 2035 382 2114; x_wconf 87' lang='lat' dir='ltr'><strong>hem,</strong></span> <span class='ocrx_word' id='word_1_125' title='bbox 396 2034 482 2121; x_wconf 80' lang='lat' dir='ltr'><strong>qudd</strong></span> <span class='ocrx_word' id='word_1_126' title='bbox 489 2034 611 2113; x_wconf 85' lang='lat' dir='ltr'><strong>dixisti,</strong></span> <span class='ocrx_word' id='word_1_127' title='bbox 622 2037 780 2120; x_wconf 71' lang='lat' dir='ltr'><strong>pessuma,</strong></span> <span class='ocrx_word' id='word_1_128' title='bbox 790 2057 831 2099; x_wconf 84' lang='lat' dir='ltr'><strong>sn</strong></span> <span class='ocrx_word' id='word_1_129' title='bbox 842 2035 979 2099; x_wconf 81' lang='lat' dir='ltr'><strong>mentita</strong></span> <span class='ocrx_word' id='word_1_130' title='bbox 988 2036 1045 2098; x_wconf 87' lang='lat' dir='ltr'><strong>es?</strong></span> <span class='ocrx_word' id='word_1_131' title='bbox 1060 2034 1158 2100; x_wconf 81' lang='lat' dir='ltr'><strong>etiam</strong></span> <span class='ocrx_word' id='word_1_132' title='bbox 1167 2034 1280 2100; x_wconf 86' lang='lat' dir='ltr'><strong>rides?</strong></span> 
     </span>
     <span class='ocr_line' id='line_1_19' title="bbox 203 2133 1199 2221; baseline -0.001 -21"><span class='ocrx_word' id='word_1_133' title='bbox 203 2136 272 2201; x_wconf 85' lang='lat' dir='ltr'><strong>itan</strong></span> <span class='ocrx_word' id='word_1_134' title='bbox 287 2135 430 2221; x_wconf 75' lang='lat' dir='ltr'><strong>lepidum</strong></span> <span class='ocrx_word' id='word_1_135' title='bbox 445 2135 507 2200; x_wconf 90' lang='lat' dir='ltr'><strong>tibi</strong></span> <span class='ocrx_word' id='word_1_136' title='bbox 530 2135 677 2215; x_wconf 66' lang='lat' dir='ltr'><strong>uisrimst</strong></span> <span class='ocrx_word' id='word_1_137' title='bbox 693 2135 806 2214; x_wconf 83' lang='lat' dir='ltr'><strong>scelus,</strong></span> <span class='ocrx_word' id='word_1_138' title='bbox 822 2157 881 2199; x_wconf 90' lang='lat' dir='ltr'><strong>nos</strong></span> <span class='ocrx_word' id='word_1_139' title='bbox 903 2134 1068 2199; x_wconf 80' lang='lat' dir='ltr'><strong>inridere?</strong></span> <span class='ocrx_word' id='word_1_140' title='bbox 1113 2133 1199 2199; x_wconf 91' lang='grc' dir='ltr'><strong>ΡΥ.</strong></span> 
     </span>
     <span class='ocr_line' id='line_1_20' title="bbox 341 2258 485 2300; baseline -0.007 0"><span class='ocrx_word' id='word_1_141' title='bbox 341 2258 485 2300; x_wconf 87' lang='lat' dir='ltr'><strong>mmmm.</strong></span> 
     </span>
     <span class='ocr_line' id='line_1_21' title="bbox 204 2331 1202 2422; baseline -0.004 -20"><span class='ocrx_word' id='word_1_142' title='bbox 204 2335 288 2402; x_wconf 86' lang='lat' dir='ltr'><strong>PA.</strong></span> <span class='ocrx_word' id='word_1_143' title='bbox 305 2335 461 2422; x_wconf 83' lang='lat' dir='ltr'><strong>siquidem</strong></span> <span class='ocrx_word' id='word_1_144' title='bbox 471 2335 554 2400; x_wconf 88' lang='lat' dir='ltr'><strong>istue</strong></span> <span class='ocrx_word' id='word_1_145' title='bbox 566 2334 687 2420; x_wconf 90' lang='lat' dir='ltr'><strong>inpune</strong></span> <span class='ocrx_word' id='word_1_146' title='bbox 702 2333 872 2399; x_wconf 68' lang='lat' dir='ltr'><strong>hebueris.</strong></span> <span class='ocrx_word' id='word_1_147' title='bbox 885 2382 892 2399; x_wconf 89' lang='lat'><strong>.</strong></span> <span class='ocrx_word' id='word_1_148' title='bbox 905 2333 932 2397; x_wconf 87' lang='lat' dir='ltr'><strong>.i</strong></span> <span class='ocrx_word' id='word_1_149' title='bbox 961 2333 1047 2399; x_wconf 91' lang='grc' dir='ltr'><strong>ΡΥ.</strong></span> <span class='ocrx_word' id='word_1_150' title='bbox 1064 2331 1202 2398; x_wconf 83' lang='lat' dir='ltr'><strong>nemim?</strong></span> 
     </span>
     <span class='ocr_line' id='line_1_22' title="bbox 341 2434 967 2501; baseline -0.005 0"><span class='ocrx_word' id='word_1_151' title='bbox 341 2434 425 2501; x_wconf 90' lang='lat' dir='ltr'><strong>PA.</strong></span> <span class='ocrx_word' id='word_1_152' title='bbox 442 2434 575 2501; x_wconf 83' lang='lat' dir='ltr'><strong>reddam</strong></span> <span class='ocrx_word' id='word_1_153' title='bbox 590 2434 705 2499; x_wconf 82' lang='lat' dir='ltr'><strong>hercle.</strong></span> <span class='ocrx_word' id='word_1_154' title='bbox 753 2434 838 2500; x_wconf 88' lang='grc' dir='ltr'><strong>ΡΥ.</strong></span> <span class='ocrx_word' id='word_1_155' title='bbox 855 2434 967 2499; x_wconf 70' lang='lat' dir='ltr'><strong>eredo:</strong></span> 
     </span>
     <span class='ocr_line' id='line_1_23' title="bbox 204 2532 1313 2618; baseline -0.003 -18"><span class='ocrx_word' id='word_1_156' title='bbox 204 2535 262 2600; x_wconf 88' lang='lat' dir='ltr'><strong>sed</strong></span> <span class='ocrx_word' id='word_1_157' title='bbox 277 2536 311 2599; x_wconf 88' lang='lat' dir='ltr'><strong>in</strong></span> <span class='ocrx_word' id='word_1_158' title='bbox 326 2535 412 2599; x_wconf 91' lang='lat' dir='ltr'><strong>diem</strong></span> <span class='ocrx_word' id='word_1_159' title='bbox 427 2535 520 2612; x_wconf 79' lang='lat' dir='ltr'><strong>istuc,</strong></span> <span class='ocrx_word' id='word_1_160' title='bbox 537 2534 706 2612; x_wconf 77' lang='lat' dir='ltr'><strong>Pirmeno‚</strong></span> <span class='ocrx_word' id='word_1_161' title='bbox 723 2543 772 2598; x_wconf 90' lang='lat' dir='ltr'><strong>est</strong></span> <span class='ocrx_word' id='word_1_162' title='bbox 787 2533 923 2599; x_wconf 74' lang='lat' dir='ltr'><strong>sortisse</strong></span> <span class='ocrx_word' id='word_1_163' title='bbox 938 2534 1025 2618; x_wconf 84' lang='lat' dir='ltr'><strong>quod</strong></span> <span class='ocrx_word' id='word_1_164' title='bbox 1040 2533 1173 2598; x_wconf 78' lang='lat' dir='ltr'><strong>minine.</strong></span> <span class='ocrx_word' id='word_1_165' title='bbox 1226 2532 1313 2599; x_wconf 83' lang='grc'><strong>1020</strong></span> 
     </span>
     <span class='ocr_line' id='line_1_24' title="bbox 158 2633 1146 2726; baseline -0.004 -24"><span class='ocrx_word' id='word_1_166' title='bbox 158 2652 195 2704; x_wconf 86' lang='grc'><strong>20</strong></span> <span class='ocrx_word' id='word_1_167' title='bbox 204 2643 242 2700; x_wconf 91' lang='lat' dir='ltr'><strong>tu</strong></span> <span class='ocrx_word' id='word_1_168' title='bbox 258 2634 322 2700; x_wconf 76' lang='lat' dir='ltr'><strong>isim</strong></span> <span class='ocrx_word' id='word_1_169' title='bbox 337 2633 503 2726; x_wconf 85' lang='lat' dir='ltr'><strong>pendebis‚</strong></span> <span class='ocrx_word' id='word_1_170' title='bbox 517 2633 793 2698; x_wconf 72' lang='lat' dir='ltr'><strong>tduleseentulum</strong></span> <span class='ocrx_word' id='word_1_171' title='bbox 808 2634 905 2699; x_wconf 88' lang='lat' dir='ltr'><strong>istum</strong></span> <span class='ocrx_word' id='word_1_172' title='bbox 921 2634 977 2718; x_wconf 90' lang='lat' dir='ltr'><strong>qui</strong></span> <span class='ocrx_word' id='word_1_173' title='bbox 993 2633 1146 2698; x_wconf 78' lang='lat' dir='ltr'><strong>nobilitas</strong></span> 
     </span>
     <span class='ocr_line' id='line_1_25' title="bbox 205 2732 1208 2820; baseline 0 -22"><span class='ocrx_word' id='word_1_174' title='bbox 205 2734 338 2820; x_wconf 83' lang='lat' dir='ltr'><strong>flagitiis</strong></span> <span class='ocrx_word' id='word_1_175' title='bbox 350 2741 383 2797; x_wconf 89' lang='lat' dir='ltr'><strong>et</strong></span> <span class='ocrx_word' id='word_1_176' title='bbox 392 2733 530 2798; x_wconf 87' lang='lat' dir='ltr'><strong>eundem</strong></span> <span class='ocrx_word' id='word_1_177' title='bbox 542 2732 666 2797; x_wconf 83' lang='lat' dir='ltr'><strong>indices</strong></span> <span class='ocrx_word' id='word_1_178' title='bbox 679 2758 687 2796; x_wconf 73' lang='grc' dir='ltr'><strong><em>ε</em></strong></span> <span class='ocrx_word' id='word_1_179' title='bbox 713 2733 845 2819; x_wconf 70' lang='lat' dir='ltr'><strong>uterque</strong></span> <span class='ocrx_word' id='word_1_180' title='bbox 858 2733 892 2796; x_wconf 93' lang='lat' dir='ltr'><strong>in</strong></span> <span class='ocrx_word' id='word_1_181' title='bbox 904 2742 937 2798; x_wconf 88' lang='lat' dir='ltr'><strong>te</strong></span> <span class='ocrx_word' id='word_1_182' title='bbox 946 2733 1092 2818; x_wconf 79' lang='lat' dir='ltr'><strong>exempla</strong></span> <span class='ocrx_word' id='word_1_183' title='bbox 1103 2733 1208 2798; x_wconf 76' lang='lat' dir='ltr'><strong>edent</strong></span> 
     </span>
    </p>
   </div>
   <div class='ocr_carea' id='block_1_3' title="bbox 205 2831 1202 2997">
    <p class='ocr_par' dir='ltr' id='par_1_3' title="bbox 205 2831 1202 2997">
     <span class='ocr_line' id='line_1_26' title="bbox 205 2831 1202 2918; baseline -0.002 -18"><span class='ocrx_word' id='word_1_184' title='bbox 205 2833 288 2900; x_wconf 82' lang='grc' dir='ltr'><strong>ΡΑ.</strong></span> <span class='ocrx_word' id='word_1_185' title='bbox 306 2832 413 2897; x_wconf 81' lang='lat' dir='ltr'><strong>nullis</strong></span> <span class='ocrx_word' id='word_1_186' title='bbox 429 2855 509 2898; x_wconf 88' lang='lat' dir='ltr'><strong>sum.</strong></span> <span class='ocrx_word' id='word_1_187' title='bbox 557 2832 642 2898; x_wconf 91' lang='grc' dir='ltr'><strong>ΡΥ.</strong></span> <span class='ocrx_word' id='word_1_188' title='bbox 660 2832 712 2897; x_wconf 86' lang='lat' dir='ltr'><strong>hie</strong></span> <span class='ocrx_word' id='word_1_189' title='bbox 727 2854 787 2918; x_wconf 86' lang='lat' dir='ltr'><strong>pro</strong></span> <span class='ocrx_word' id='word_1_190' title='bbox 801 2833 859 2896; x_wconf 91' lang='lat' dir='ltr'><strong>illo</strong></span> <span class='ocrx_word' id='word_1_191' title='bbox 871 2832 1002 2898; x_wconf 81' lang='lat' dir='ltr'><strong>minere</strong></span> <span class='ocrx_word' id='word_1_192' title='bbox 1018 2833 1079 2897; x_wconf 89' lang='lat' dir='ltr'><strong>tibi</strong></span> <span class='ocrx_word' id='word_1_193' title='bbox 1101 2831 1202 2898; x_wconf 87' lang='lat' dir='ltr'><strong>hon6s</strong></span> 
     </span>
     <span class='ocr_line' id='line_1_27' title="bbox 342 2932 668 2997; baseline 0.003 -1"><span class='ocrx_word' id='word_1_194' title='bbox 342 2941 391 2997; x_wconf 89' lang='lat' dir='ltr'><strong>est</strong></span> <span class='ocrx_word' id='word_1_195' title='bbox 405 2932 554 2997; x_wconf 67' lang='lat' dir='ltr'><strong>habitusx</strong></span> <span class='ocrx_word' id='word_1_196' title='bbox 578 2933 668 2997; x_wconf 50' lang='lat' dir='ltr'><strong>sibeos</strong></span> 
     </span>
    </p>
   </div>
   <div class='ocr_carea' id='block_1_4' title="bbox 205 3030 1186 3134">
    <p class='ocr_par' dir='ltr' id='par_1_4' title="bbox 205 3030 1186 3134">
     <span class='ocr_line' id='line_1_28' title="bbox 205 3030 1186 3134; baseline -0.003 -35"><span class='ocrx_word' id='word_1_197' title='bbox 205 3032 288 3099; x_wconf 84' lang='lat' dir='ltr'><strong>PA.</strong></span> <span class='ocrx_word' id='word_1_198' title='bbox 306 3033 432 3118; x_wconf 69' lang='lat' dir='ltr'><strong>egomet</strong></span> <span class='ocrx_word' id='word_1_199' title='bbox 447 3054 518 3098; x_wconf 89' lang='lat' dir='ltr'><strong>meo</strong></span> <span class='ocrx_word' id='word_1_200' title='bbox 534 3031 652 3098; x_wconf 78' lang='lat' dir='ltr'><strong>indiei6</strong></span> <span class='ocrx_word' id='word_1_201' title='bbox 667 3031 764 3134; x_wconf 78' lang='lat' dir='ltr'><strong>miser</strong></span> <span class='ocrx_word' id='word_1_202' title='bbox 775 3031 867 3119; x_wconf 79' lang='lat' dir='ltr'><strong>qussi</strong></span> <span class='ocrx_word' id='word_1_203' title='bbox 883 3030 974 3098; x_wconf 76' lang='lat' dir='ltr'><strong>sdrex</strong></span> <span class='ocrx_word' id='word_1_204' title='bbox 985 3032 1080 3098; x_wconf 89' lang='lat' dir='ltr'><strong>hodie</strong></span> <span class='ocrx_word' id='word_1_205' title='bbox 1095 3031 1186 3119; x_wconf 69' lang='lat' dir='ltr'><strong>perii.</strong></span> 
     </span>
    </p>
   </div>
   <div class='ocr_carea' id='block_1_5' title="bbox 160 3195 1096 3256">
    <p class='ocr_par' dir='ltr' id='par_1_5' title="bbox 160 3195 1096 3256">
     <span class='ocr_line' id='line_1_29' title="bbox 160 3195 1096 3256; baseline -0.002 0"><span class='ocrx_word' id='word_1_206' title='bbox 160 3196 201 3256; x_wconf 88' lang='lat' dir='ltr'><strong>vii</strong></span> <span class='ocrx_word' id='word_1_207' title='bbox 341 3195 533 3256; x_wconf 74' lang='lat' dir='ltr'><strong>Grrsrno</strong></span> <span class='ocrx_word' id='word_1_208' title='bbox 612 3196 795 3255; x_wconf 74' lang='lat' dir='ltr'><strong>Tnesso</strong></span> <span class='ocrx_word' id='word_1_209' title='bbox 876 3196 1096 3255; x_wconf 66' lang='lat' dir='ltr'><strong>Pirene-no</strong></span> 
     </span>
    </p>
   </div>
   <div class='ocr_carea' id='block_1_6' title="bbox 213 3305 1311 3672">
    <p class='ocr_par' dir='ltr' id='par_1_6' title="bbox 213 3305 1311 3672">
     <span class='ocr_line' id='line_1_30' title="bbox 213 3305 1311 3401; baseline -0.005 -23"><span class='ocrx_word' id='word_1_210' title='bbox 213 3308 292 3378; x_wconf 76' lang='lat' dir='ltr'><strong>GN.</strong></span> <span class='ocrx_word' id='word_1_211' title='bbox 309 3306 397 3391; x_wconf 88' lang='lat' dir='ltr'><strong>Quid</strong></span> <span class='ocrx_word' id='word_1_212' title='bbox 412 3310 523 3374; x_wconf 83' lang='lat' dir='ltr'><strong>nune?</strong></span> <span class='ocrx_word' id='word_1_213' title='bbox 570 3331 635 3395; x_wconf 82' lang='lat' dir='ltr'><strong>que</strong></span> <span class='ocrx_word' id='word_1_214' title='bbox 649 3331 705 3395; x_wconf 87' lang='lat' dir='ltr'><strong>spe</strong></span> <span class='ocrx_word' id='word_1_215' title='bbox 722 3317 781 3374; x_wconf 82' lang='lat' dir='ltr'><strong>aut</strong></span> <span class='ocrx_word' id='word_1_216' title='bbox 796 3307 860 3394; x_wconf 88' lang='lat' dir='ltr'><strong>qu6</strong></span> <span class='ocrx_word' id='word_1_217' title='bbox 874 3308 1006 3373; x_wconf 80' lang='lat' dir='ltr'><strong>oonsilio</strong></span> <span class='ocrx_word' id='word_1_218' title='bbox 1024 3305 1311 3401; x_wconf 77' lang='lat' dir='ltr'><strong>hueimus?1025</strong></span> 
     </span>
     <span class='ocr_line' id='line_1_31' title="bbox 301 3407 741 3495; baseline 0.005 -23"><span class='ocrx_word' id='word_1_219' title='bbox 301 3441 304 3448; x_wconf 93' lang='lat'>·</span> <span class='ocrx_word' id='word_1_220' title='bbox 343 3408 421 3494; x_wconf 90' lang='lat' dir='ltr'><strong>quid</strong></span> <span class='ocrx_word' id='word_1_221' title='bbox 436 3408 575 3495; x_wconf 73' lang='lat' dir='ltr'><strong>(neptis,</strong></span> <span class='ocrx_word' id='word_1_222' title='bbox 591 3407 741 3474; x_wconf 76' lang='lat' dir='ltr'><strong>Thraso?</strong></span> 
     </span>
     <span class='ocr_line' id='line_1_32' title="bbox 256 3533 1219 3597; baseline -0.001 -13"><span class='ocrx_word' id='word_1_223' title='bbox 256 3533 318 3586; x_wconf 78' lang='grc'><strong>1007</strong></span> <span class='ocrx_word' id='word_1_224' title='bbox 334 3535 383 3585; x_wconf 89' lang='lat' dir='ltr'><strong>tibi</strong></span> <span class='ocrx_word' id='word_1_225' title='bbox 394 3542 433 3585; x_wconf 85' lang='lat' dir='ltr'><strong>est</strong></span> <span class='ocrx_word' id='word_1_226' title='bbox 444 3533 560 3597; x_wconf 78' lang='lat' dir='ltr'><strong>Bentley:</strong></span> <span class='ocrx_word' id='word_1_227' title='bbox 577 3536 625 3584; x_wconf 87' lang='lat' dir='ltr'><strong>tibi</strong></span> <span class='ocrx_word' id='word_1_228' title='bbox 636 3536 676 3584; x_wconf 84' lang='lat' dir='ltr'><strong>uis</strong></span> <span class='ocrx_word' id='word_1_229' title='bbox 686 3535 757 3585; x_wconf 82' lang='lat' dir='ltr'><strong>codd.</strong></span> <span class='ocrx_word' id='word_1_230' title='bbox 903 3535 965 3584; x_wconf 87' lang='lat'>1015</span> <span class='ocrx_word' id='word_1_231' title='bbox 981 3535 1060 3584; x_wconf 75' lang='lat' dir='ltr'><strong>enimi</strong></span> <span class='ocrx_word' id='word_1_232' title='bbox 1068 3541 1123 3584; x_wconf 81' lang='lat' dir='ltr'><strong>tum</strong></span> <span class='ocrx_word' id='word_1_233' title='bbox 1134 3533 1219 3584; x_wconf 77' lang='lat' dir='ltr'><strong>cedd:</strong></span> 
     </span>
     <span class='ocr_line' id='line_1_33' title="bbox 225 3605 1224 3672; baseline -0.002 -15"><span class='ocrx_word' id='word_1_234' title='bbox 225 3615 316 3672; x_wconf 78' lang='lat' dir='ltr'><strong>tramp.</strong></span> <span class='ocrx_word' id='word_1_235' title='bbox 329 3605 430 3669; x_wconf 73' lang='lat' dir='ltr'><strong>Bentley</strong></span> <span class='ocrx_word' id='word_1_236' title='bbox 496 3607 557 3657; x_wconf 71' lang='lat'>1017</span> <span class='ocrx_word' id='word_1_237' title='bbox 569 3608 636 3670; x_wconf 88' lang='lat' dir='ltr'><strong>qnod</strong></span> <span class='ocrx_word' id='word_1_238' title='bbox 648 3607 798 3657; x_wconf 73' lang='lat' dir='ltr'><strong>Fleckeisen:</strong></span> <span class='ocrx_word' id='word_1_239' title='bbox 810 3607 872 3671; x_wconf 85' lang='lat' dir='ltr'><strong>quid</strong></span> <span class='ocrx_word' id='word_1_240' title='bbox 883 3607 953 3656; x_wconf 83' lang='lat' dir='ltr'><strong>codd.</strong></span> <span class='ocrx_word' id='word_1_241' title='bbox 962 3618 1061 3657; x_wconf 78' lang='lat' dir='ltr'><strong>ceterum</strong></span> <span class='ocrx_word' id='word_1_242' title='bbox 1073 3607 1136 3656; x_wconf 85' lang='lat' dir='ltr'><strong>dixti</strong></span> <span class='ocrx_word' id='word_1_243' title='bbox 1144 3607 1224 3666; x_wconf 78' lang='lat' dir='ltr'><strong>codd,</strong></span> 
     </span>
    </p>
   </div>
   <div class='ocr_carea' id='block_1_7' title="bbox 225 3677 1225 3816">
    <p class='ocr_par' dir='ltr' id='par_1_7' title="bbox 225 3677 1225 3816">
     <span class='ocr_line' id='line_1_34' title="bbox 225 3677 1225 3744; baseline 0.002 -16"><span class='ocrx_word' id='word_1_244' title='bbox 225 3679 288 3729; x_wconf 82' lang='lat' dir='ltr'><strong>unde</strong></span> <span class='ocrx_word' id='word_1_245' title='bbox 304 3678 442 3729; x_wconf 76' lang='lat' dir='ltr'><strong>Fleckeisen</strong></span> <span class='ocrx_word' id='word_1_246' title='bbox 457 3679 517 3728; x_wconf 86' lang='lat' dir='ltr'><strong>hem</strong></span> <span class='ocrx_word' id='word_1_247' title='bbox 530 3677 535 3740; x_wconf 91' lang='grc' dir='ltr'>Ι</span> <span class='ocrx_word' id='word_1_248' title='bbox 549 3680 616 3742; x_wconf 90' lang='lat' dir='ltr'><strong>quod</strong></span> <span class='ocrx_word' id='word_1_249' title='bbox 633 3680 730 3729; x_wconf 86' lang='lat' dir='ltr'><strong>dudum</strong></span> <span class='ocrx_word' id='word_1_250' title='bbox 746 3681 812 3729; x_wconf 90' lang='lat' dir='ltr'><strong>dixti</strong></span> <span class='ocrx_word' id='word_1_251' title='bbox 943 3679 1005 3728; x_wconf 76' lang='lat'>1021</span> <span class='ocrx_word' id='word_1_252' title='bbox 1022 3678 1157 3729; x_wconf 80' lang='lat' dir='ltr'><strong>Dziatzko:</strong></span> <span class='ocrx_word' id='word_1_253' title='bbox 1179 3681 1225 3744; x_wconf 84' lang='lat' dir='ltr'><strong>qni</strong></span> 
     </span>
     <span class='ocr_line' id='line_1_35' title="bbox 225 3749 1174 3816; baseline 0 -15"><span class='ocrx_word' id='word_1_254' title='bbox 225 3751 334 3802; x_wconf 83' lang='lat' dir='ltr'><strong>stultum</strong></span> <span class='ocrx_word' id='word_1_255' title='bbox 344 3752 423 3801; x_wconf 83' lang='lat' dir='ltr'><strong>istum</strong></span> <span class='ocrx_word' id='word_1_256' title='bbox 433 3751 652 3802; x_wconf 77' lang='lat' dir='ltr'><strong>adulescentulum</strong></span> <span class='ocrx_word' id='word_1_257' title='bbox 663 3750 701 3801; x_wconf 80' lang='lat' dir='ltr'><strong>uel</strong></span> <span class='ocrx_word' id='word_1_258' title='bbox 710 3753 755 3816; x_wconf 90' lang='lat' dir='ltr'><strong>qni</strong></span> <span class='ocrx_word' id='word_1_259' title='bbox 766 3753 843 3802; x_wconf 88' lang='lat' dir='ltr'><strong>istum</strong></span> <span class='ocrx_word' id='word_1_260' title='bbox 854 3751 894 3801; x_wconf 78' lang='lat' dir='ltr'><strong>ad.</strong></span> <span class='ocrx_word' id='word_1_261' title='bbox 907 3751 962 3814; x_wconf 86' lang='lat' dir='ltr'><strong>(om.</strong></span> <span class='ocrx_word' id='word_1_262' title='bbox 972 3749 1091 3811; x_wconf 83' lang='lat' dir='ltr'><strong>stultum)</strong></span> <span class='ocrx_word' id='word_1_263' title='bbox 1103 3751 1174 3802; x_wconf 81' lang='lat' dir='ltr'><strong>cedd.</strong></span> 
     </span>
    </p>
   </div>
   <div class='ocr_carea' id='block_1_8' title="bbox 709 3903 773 3970">
    <p class='ocr_par' dir='ltr' id='par_1_8' title="bbox 709 3903 773 3970">
     <span class='ocr_line' id='line_1_36' title="bbox 709 3903 773 3970; baseline 0 0"><span class='ocrx_word' id='word_1_264' title='bbox 709 3903 773 3970; x_wconf 74' lang='lat'><strong>146</strong></span> 
     </span>
    </p>
   </div>
   <div class='ocr_carea' id='block_1_9' title="bbox 0 0 1372 4352">
    <p class='ocr_par' dir='ltr' id='par_1_9' title="bbox 0 0 1372 4352">
     <span class='ocr_line' id='line_1_37' title="bbox 0 0 1372 4352; baseline 0 0"><span class='ocrx_word' id='word_1_265' title='bbox 0 0 1372 4352; x_wconf 95' lang='lat' dir='ltr'><strong> </strong></span> 
     </span>
    </p>
   </div>
  </div>
 </body>
</html>
