2704 4350
125 266 193 325 11.i
500 264 536 323 P.
557 264 747 323 TERENTI
773 266 877 324 AFRI

177 410 252 496 quoi
268 409 351 497 quod
369 411 579 495 respondeam
597 411 645 474 nil
665 409 784 488 habe03
808 412 909 495 neque
926 433 976 474 me
993 410 1196 495 quisquamst

314 533 468 574 m1semor.

177 633 252 675 nam
263 610 315 674 hio
326 608 443 688 Clinia,
451 611 513 674 etsi
523 609 550 674 is
560 609 686 696 quoque
696 633 827 676 suarum
837 611 944 676 rerum
955 619 1004 674 sat
1014 609 1127 694 agitat,
1137 618 1247 674 tamen

178 709 274 774 habet
285 710 367 773 bene
377 717 410 774 et
421 709 536 794 pudice
546 709 706 788 eductam,
717 709 863 796 ignaram
873 710 952 775 artis
962 710 1172 775 meretriciae.
1202 710 1268 774 226

127 824 160 874 15
176 818 278 874 meast
293 810 455 894 inpotens,
470 809 599 894 procax,
616 811 798 896 magnifica,
815 811 1013 894 sfimptnosa,
1030 809 1156 874 nobilis

177 917 247 973 tum
269 908 354 993 quod
378 908 451 972 dem
474 909 514 987 ei,
531 911 654 975 ‘reete'
672 919 721 975 est
731 934 740 988 ;
766 911 841 974 usam
861 910 907 974 nil
926 933 995 976 esse
1012 910 1090 975 mssii
1105 909 1178 975 reli-

314 1008 399 1093 giost
414 1008 529 1074 dicere.

178 1109 237 1173 hoo
245 1108 304 1194 ego
312 1108 389 1173 mali
400 1131 464 1172 non
474 1108 600 1193 pridem
609 1109 720 1174 inueni
730 1111 833 1196 neque
842 1111 941 1176 etiam
951 1111 1028 1176 dum
1038 1111 1098 1176 scit
1108 1118 1211 1196 pater.

124 1284 146 1342 ii
454 1283 613 1344 ctum
694 1285 913 1346 Cn1n1nno

185 1394 317 1465 ΟΜΝ
343 1395 379 1463 Si
401 1397 480 1460 mssii
510 1398 665 1464 secundae
694 1400 744 1464 res
771 1400 811 1465 de
834 1421 941 1464 amore
963 1422 1035 1464 meo
1058 1399 1175 1478 essent,
1202 1399 1267 1464 230
1337 1471 1338 1496 χ

322 1498 386 1562 iam
402 1498 525 1562 (ludiim
542 1500 607 1563 scio
1337 1499 1338 1510 ¹

177 1598 353 1675 uenissent;
371 1598 426 1662 sed
443 1598 559 1663 uere6r'
569 1623 610 1664 ne
627 1601 741 1666 mulier
754 1624 802 1666 me
815 1601 946 1666 absente
957 1600 1010 1665 hio
1022 1600 1173 1686 cornipta
1185 1601 1237 1665 sit.

177 1699 372 1762 conciirrunt
388 1699 490 1763 multa
506 1700 687 1784 opinionem
704 1702 784 1786 quae
800 1702 844 1764 mi
862 1705 897 1766 in
913 1700 1020 1766 animo
1036 1701 1235 1785 exningeant:

177 1799 309 1877 occasio,
325 1799 424 1877 locus,
441 1801 538 1878 aetas,
555 1809 657 1865 mater
673 1803 786 1885 quoius
803 1802 862 1865 sub
878 1801 1043 1886 imperiost
1059 1801 1152 1879 mala,

143 1899 252 1985 5quoi
272 1899 319 1962 nss
338 1898 402 1962 iam
421 1907 548 1983 praeter
567 1901 707 1986 pretium
726 1901 860 1965 dulcest.
901 1901 993 1969 ΟΜ
992 1901 1029 1965 Τ.
1057 1900 1174 1967 Clinia„

323 1998 455 2065 ΟΜΝ.
474 2001 503 2064 ei
520 1999 635 2064 miseni
650 1999 748 2063 mihil
967 2066 972 2083 ‚
1089 1996 1094 2007 “

185 2099 314 2168 ΟΜΤ.
331 2101 428 2164 etiem
445 2122 538 2165 canes
561 2121 601 2164 ne
627 2100 735 2164 uideat
755 2099 840 2164 forte
860 2099 912 2164 hie
930 2108 963 2167 te
979 2085 999 2166 i
1013 2108 1105 2185 patre
1127 2100 1182 2165 ali-
1207 2099 1270 2167 235
1339 2164 1340 2190 ἒ

315 2201 386 2286 quis
403 2201 534 2265 exiens?
1339 2219 1340 2224 ’

185 2300 318 2368 ΟΜΝ.
350 2301 484 2377 faciam
513 2299 569 2364 sed
594 2299 700 2363 nescio
723 2299 800 2384 quid
817 2300 962 2384 profecto
986 2285 1031 2364 mi
1057 2286 1183 2365 {inimus

315 2401 477 2486 praesagit
493 2398 579 2464 mali.

186 2500 313 2570 ΟΜΤ.
324 2501 438 2586 pergin
449 2500 531 2564 istuc
539 2499 629 2584 prius
640 2498 816 2564 diiiidicare
827 2499 923 2584 quam
931 2499 991 2564 scis
1002 2500 1080 2585 quid
1089 2499 1160 2564 ueri
1168 2499 1246 2566 siet?

185 2601 319 2668 ΟΜΝ
345 2601 372 2664 si
389 2601 436 2664 nss
451 2600 527 2664 mali
543 2608 635 2676 esset,
649 2599 713 2662 iam
729 2599 780 2664 hic
793 2600 949 2664 adessent.
974 2598 1068 2666 ΟΜ
1066 2600 1102 2664 Τ.
1120 2600 1184 2664 iam

315 2701 461 2765 ciderunt.
501 2699 633 2766 ΟΜΝ.
652 2699 781 2783 quando
797 2699 880 2763 istim
896 2699 1000 2765 ‘lom’
1017 2699 1103 2764 erit?

127 2818 161 2869 10
185 2800 277 2870 ΟΜ
277 2800 313 2864 Τ.
341 2824 405 2864 non
425 2797 547 2885 cogitas
565 2798 640 2863 hinc
659 2797 788 2885 longule
808 2801 900 2864 esse?
924 2808 957 2864 et
971 2798 1055 2863 nosti
1078 2823 1183 2865 mores

315 2901 503 2964 miilierum:

178 3001 256 3066 dum
279 2999 468 3077 moliuntur,
490 2999 567 3064 diim
586 3007 753 3079 conantur,
771 2997 875 3064 einnus
899 3007 958 3064 est.
998 2997 1130 3069 ΟΜΝ.
1162 2999 1269 3065 0240

316 3099 471 3184 Clitipho,

76 3267 78 3272 ,
179 3199 286 3267 timet.
322 3200 416 3267 ΟΜ
415 3199 451 3263 Τ.
479 3199 617 3285 respira:
646 3198 756 3264 ecciim
777 3197 973 3265 Dromonem
998 3193 1071 3263 oiim
1096 3196 1180 3284 Sym

315 3323 399 3365 una:
425 3299 545 3364 adsiint
560 3299 634 3364 tibi.

210 3417 259 3467 224
269 3417 332 3467 deest
341 3418 367 3467 in
375 3415 400 3464 A
481 3416 529 3468 227
539 3418 655 3481 inpotens
663 3417 739 3467 Bothe
748 3436 753 3467 :
769 3426 859 3481 potens
870 3418 939 3468 codd.
989 3434 1082 3482 procax
1088 3415 1158 3466 codd.
1168 3431 1174 3464 ε

179 3497 256 3554 petax
268 3489 383 3552 Bentley:
402 3496 489 3552 petens
508 3490 626 3551 chner:
643 3489 766 3538 Donatum
779 3489 832 3552 (qni
848 3491 883 3540 ad
893 3490 953 3539 Hec.
967 3491 1017 3537 159
1027 3489 1107 3539 scribit
1117 3505 1175 3551 pro·

180 3580 227 3612 oax
237 3563 403 3624 despoliatrix
414 3569 441 3610 et
451 3561 539 3626 petax)
548 3561 611 3610 illud
622 3569 699 3624 petax
710 3580 740 3610 ex
750 3561 791 3610 loc
803 3561 851 3611 loco
860 3563 987 3626 sumpsisse
993 3571 1065 3625 putat
1073 3559 1175 3622 Bentley

180 3635 228 3682 232
244 3633 280 3683 sic
296 3634 396 3696 Bentley
408 3633 457 3684 nisi
468 3634 533 3696 quod
543 3651 600 3683 eam
619 3634 670 3682 sine
686 3651 761 3683 causa
782 3634 868 3707 ocidit:
888 3636 914 3683 in
930 3634 989 3683 add.
1002 3650 1057 3695 epo:
1077 3635 1174 3683 multeo

180 3707 309 3768 opiniones
326 3724 391 3769 quae
408 3707 471 3754 mihi
489 3707 601 3754 animum
616 3705 701 3754 coelet:
725 3707 820 3755 multae
837 3708 979 3768 opinionem
998 3723 1038 3754 res
1056 3723 1121 3769 qnae
1139 3707 1175 3753 mi

181 3780 265 3826 animo
283 3777 417 3827 Dziotzleo:
443 3779 526 3826 multa
546 3795 602 3827 eam
619 3779 762 3842 opinionem
778 3795 842 3840 quoe
859 3779 922 3826 mihi
938 3779 1023 3826 animo
1038 3775 1175 3827 Fleckeisen

182 3851 230 3898 238
246 3851 298 3899 iem
309 3850 369 3898 add.
381 3850 501 3898 Paomier
691 3883 733 3946 62
