2738 4356
529 256 728 316 PHORMIO
1088 253 1142 317 IV.
1164 255 1193 318 iv

62 397 118 465 685
140 397 216 469 GE.
230 399 309 485 quid
318 399 394 486 ergo
404 404 537 467 narras?
561 401 642 468 AN.
659 403 737 486 quid
748 423 806 486 ego
816 405 965 467 narrem?
988 406 1154 490 operatua

140 502 181 566 ad
197 502 308 566 restim
324 503 368 564 mi
385 503 531 586 equidem
548 504 597 586 pes
613 502 697 566 redit
713 503 919 588 planissume.
1167 521 1185 570 5

139 610 176 667 ut
192 611 225 666 te
242 601 390 686 equidem
405 602 439 665 di
455 602 595 686 deaeque
610 625 720 667 omnes
737 603 846 687 superi
861 603 959 668 inferi

139 701 234 765 malis
249 701 405 786 exemplis
420 701 575 786 perdant!
601 725 662 780 em,
679 704 706 766 si
722 703 800 789 quid
816 703 909 780 uelis,

138 802 213 866 huic
229 802 363 866 mandes
378 803 434 885 qui
451 810 483 866 te
499 802 540 866 ad
556 801 723 886 scdpulum
739 826 756 867 e
772 803 948 887 tranquillo
963 802 1099 870 auferat.

59 899 115 963 000
132 902 211 986 quid
226 903 334 986 minus
350 901 464 965 utibile
480 901 545 965 fuit
560 925 657 986 quam
673 902 732 966 hoc
748 903 839 967 ulcus
855 903 987 988 tangere

138 1011 195 1066 aut
211 1001 376 1067 neminare
393 1001 546 1065 uxerem?
569 1002 719 1067 iniectast
734 1003 805 1086 spes
821 1004 907 1087 patri
1161 1019 1196 1071 10

137 1124 230 1185 posse
246 1101 336 1165 illam
352 1101 491 1166 extrudi.
524 1101 601 1165 cedo
615 1125 702 1165 nunc
718 1124 830 1186 perro:
855 1101 1008 1167 Phdrmio

138 1201 247 1266 dotem
263 1201 291 1264 si
307 1201 452 1285 accipiet,
468 1201 549 1265 uxor
564 1193 742 1266 ducendast
757 1202 906 1266 domum:

66 1353 69 1358 .
137 1301 217 1386 quid
232 1301 317 1365 fiet?
347 1300 424 1368 GE.
442 1323 504 1365 non
522 1302 606 1366 enim
623 1302 728 1366 diicet.
761 1299 844 1368 AN.
860 1303 947 1366 noui.
979 1303 1123 1368 ceterum

58 1399 114 1464 095
138 1424 235 1485 quom
251 1402 421 1486 argentum
436 1409 592 1486 repetent,
609 1401 721 1466 ndstra
735 1423 832 1472 ¹cauea
848 1402 969 1467 scssicet

137 1501 171 1564 in
187 1502 321 1574 neruom
337 1502 444 1586 potius
459 1502 529 1566 ibit.
569 1501 646 1570 GE.
664 1502 711 1566 nil
726 1510 785 1580 est,
801 1485 960 1588 Antipho,
1160 1518 1194 1571 15

138 1601 216 1686 quin
234 1601 317 1664 male
333 1603 494 1666 narrando
511 1600 612 1685 pdesit
628 1603 836 1687 depraudrier
846 1629 855 1667 :¹

133 1689 174 1764 ¹tu
191 1701 225 1765 id
241 1700 328 1785 qued
343 1701 450 1766 boniet
466 1703 716 1787 excerpiS‚.dicis
732 1703 818 1788 quud
834 1703 954 1774 maliet.

138 1801 216 1864 audi
230 1823 316 1864 nunc
333 1809 464 1864 contra:
489 1802 552 1865 iem
568 1802 596 1866 si
610 1811 780 1887 argentum
796 1804 964 1888 acceperit,

60 1899 114 1962 700
138 1900 315 1964 ducendast
331 1922 422 1977 uxor,
439 1901 475 1964 iit
491 1906 551 1979 aie,
567 1900 706 1966 conced6
721 1902 800 1967 tibi:

139 2000 279 2084 spatium
295 1999 424 2084 quidem
440 2001 571 2064 tandem
587 2002 765 2087 adparandi
782 2002 921 2088 nuptiae,

137 2099 284 2177 ucciandi,
301 2100 512 2164 sacrufice'mdi
528 2101 659 2166 dabitur
676 2102 852 2188 paululum.

139 2200 260 2264 interea
276 2200 369 2262 amici
385 2199 472 2283 qued
486 2201 621 2285 polliciti
638 2202 713 2264 sunt
729 2202 871 2266 dabunt:

137 2299 212 2364 inde
228 2301 291 2363 iste
307 2299 429 2363 reddet.
463 2299 544 2366 AN.
561 2323 659 2385 quam
673 2301 714 2365 (ib
731 2303 824 2367 rem?
847 2311 905 2366 aut
927 2302 1004 2387 quid
1027 2301 1136 2368 dicet?

281 2398 358 2466 GE.
376 2401 494 2483 rogas?

61 2497 114 2563 705
138 2507 236 2584 ‘quot
251 2500 301 2562 res
317 2499 447 2584 postilla
462 2498 606 2564 mdnstra
620 2501 797 2565 euenerunt
813 2501 891 2566 mihi
904 2500 912 2565 l

137 2599 222 2664 intro
239 2599 277 2662 iit
293 2599 327 2662 in
343 2599 430 2663 aedis
446 2599 515 2663 ater
530 2599 653 2663 aliemis
668 2601 774 2677 eanis3

137 2700 251 2784 anguis
267 2699 302 2762 in
317 2699 499 2784 inpluuium
514 2699 633 2764 decidit
649 2700 688 2763 de
704 2700 841 2786 tegulis3

137 2799 259 2883 gallina
274 2799 408 2876 cecinit3
432 2799 601 2864 interdixit
615 2799 775 2864 heriolus:
865 2825 867 2830 ·

136 2899 287 2983 harispex
303 2899 427 2974 uetuit;
452 2899 527 2963 {inte
543 2901 692 2964 brumam
707 2901 813 2965 autem
829 2901 907 2965 noui

61 2997 113 3061 llll
136 2998 244 3083 neg6ti
260 2999 399 3083 incipere
414 2997 438 3062 l’
463 3000 545 3083 quae
561 3008 688 3064 causast
704 3001 897 3066 iustissuma.

136 3100 213 3163 haec
228 3100 323 3163 fient.
356 3098 437 3164 AN.
456 3110 492 3163 ut
507 3101 602 3164 modo
616 3100 721 3164 fiant!
753 3100 829 3167 GE.
846 3103 941 3165 fient:
966 3102 1016 3166 me
1031 3102 1115 3168 uide.
1150 3119 1186 3169 30

136 3208 228 3284 pater
245 3199 329 3263 exit:
355 3198 418 3277 abi,
435 3187 486 3263 dic
502 3201 569 3264 esse
585 3208 755 3284 argentum
772 3200 961 3265 Phaedriae.

171 3325 219 3375 086
234 3325 271 3373 mi
290 3325 407 3388 equidem
426 3324 527 3388 scrqniei:
555 3326 618 3374 mihi
640 3325 742 3388 quidem
762 3327 831 3376 codd.
846 3336 868 3376 et
886 3326 946 3389 uoly.
1033 3328 1080 3379 687
1102 3328 1138 3378 sic

139 3396 237 3460 tempsi:
254 3403 284 3444 ut
295 3403 321 3446 te
333 3398 434 3459 quidem
442 3414 527 3446 omnes
538 3397 565 3446 di
576 3397 688 3460 deaeque
700 3397 769 3446 codd.
781 3414 786 3445 :
799 3416 842 3447 om.
855 3417 904 3461 que
919 3398 1017 3460 Bentley
1030 3409 1050 3448 el
1062 3399 1137 3462 nolu:

139 3469 180 3518 sed
196 3469 229 3531 cf.
242 3467 307 3518 Eun.
318 3469 369 3516 302
447 3469 494 3518 689
511 3471 555 3533 qui
573 3505 578 3517 .
596 3506 602 3517 .
621 3506 625 3516 .
643 3470 743 3518 auferat
760 3469 848 3518 ΕὶΕῑι
864 3471 933 3533 quod
950 3473 1052 3534 quidem
1068 3480 1137 3521 reete

139 3548 256 3590 curetum
272 3541 337 3590 nelis
353 3538 379 3589 A
389 3549 411 3589 et
427 3549 477 3589 cett.
489 3558 582 3590 omnes:
598 3540 641 3591 sed
657 3557 739 3590 nuens
750 3559 779 3591 ee
790 3541 894 3606 Adelph.
907 3543 956 3591 ele
967 3545 993 3593 in
1005 3545 1136 3607 nerninem

139 3615 263 3664 traductus
280 3613 306 3662 in
322 3621 410 3662 textum
427 3612 564 3662 uideturne
581 3615 742 3663 insinuavisse
848 3616 896 3665 090
912 3616 984 3666 ulcus
995 3617 1032 3665 A²
1048 3635 1099 3666 cum
1109 3623 1142 3668 2:

139 3687 229 3734 uolnus
240 3685 266 3733 A
372 3683 419 3734 707
436 3685 463 3733 in
476 3684 567 3746 Guyet:
586 3686 718 3748 per‘codd.
826 3686 875 3739 710
893 3686 1049 3752 exclamandi
1065 3698 1143 3740 notam

135 3758 215 3822 posui
226 3755 380 3806 Fleckeisen:
391 3754 504 3806 lacunam
515 3765 618 3806 statuent
630 3758 685 3806 edd.
693 3757 803 3822 plerique

598 3868 663 3936 183
