2736 4352
392 291 596 352 HEAVTON
623 289 936 352 TIMORVMENOS
1172 291 1235 350 V.i

168 437 221 500 die
236 435 326 513 mihi,
343 432 468 501 Cliniae}
484 457 566 520 quse
582 435 649 500 dixi
666 435 871 500 ndntiastin?
900 434 987 500 ME.
1003 433 1120 500 (imnis.

77 535 142 602 885
168 534 243 603 UH.
269 534 349 620 qnid
378 534 454 598 ait?
499 533 585 600 ME.
609 535 749 620 gaudere
773 535 853 600 ideo
876 533 982 620 eoepit
1004 533 1096 620 quisi
1120 533 1176 620 qni

306 633 441 719 eupiunt
455 631 595 719 nriptias.

167 733 243 802 UH.
260 733 415 800 hihahae.
441 733 525 799 ME.
542 734 621 819 quid
642 733 768 799 risisti?
802 732 878 802 GH.
897 733 983 800 serui
999 733 1118 800 uiuere
1141 733 1176 808 in

306 833 445 898 mentem
463 830 538 919 Syri
678 855 688 876 ’

165 933 368 1000 oilliditutes.
408 933 493 999 ME.
509 933 623 999 itane?
655 933 729 1000 OH.
746 933 854 999 uoltus
869 932 996 1020 quoque
1010 932 1177 998 hominum

304 1033 401 1118 fingit
416 1032 529 1098 suelus.

165 1133 253 1200 ΜΕ.
269 1134 388 1219 gnitus
408 1133 495 1218 quod
516 1157 549 1198 se
569 1133 742 1198 adsimulat
760 1133 891 1212 laetum,
908 1133 942 1198 id
957 1131 1063 1198 diois?
1100 1131 1175 1200 GH.
1202 1145 1237 1198 rt

304 1234 348 1298 id.
381 1234 465 1299 ME.
483 1233 567 1298 idem
584 1233 667 1298 istrie
683 1233 762 1298 mihi
1178 1275 1180 1280 ·

166 1332 259 1398 uiuit
273 1333 308 1397 iu
323 1333 472 1398 mentem.
510 1333 583 1400 OH.
598 1342 769 1399 ueterator.
798 1332 883 1400 ME.
900 1331 1012 1418 migis‚
1031 1332 1059 1398 si
1073 1331 1177 1418 magis

304 1433 403 1512 noris,
419 1442 514 1519 putes

75 1532 142 1599 890
166 1533 215 1598 ita
227 1554 297 1597 rem
311 1555 392 1598 esse.
425 1532 500 1601 UH.
513 1533 567 1598 ain
583 1535 644 1599 tu?
667 1533 753 1598 ME.
766 1532 845 1619 quin
861 1542 899 1598 tn
914 1531 1070 1598 ausculta.
1100 1529 1175 1599 011.

304 1633 398 1698 mins
415 1632 503 1718 dum,
520 1634 580 1698 hoo
596 1634 687 1719 prius
703 1633 783 1697 seire
795 1634 922 1718 expeto,

165 1733 245 1819 quid
261 1732 448 1818 perdideris.
482 1756 557 1798 nam
573 1733 629 1798 ribi
645 1734 836 1818 desponsam
852 1733 1008 1798 mintinsti
1024 1732 1109 1811 filio,

165 1832 319 1898 oontinuo
335 1833 481 1898 iniecisse
490 1823 598 1898 'uerba
612 1833 674 1897 tibi
687 1832 884 1898 Dromonem
902 1833 1034 1911 scilieet,

165 1932 301 2018 spinsao
317 1941 440 1998 nostem
456 1955 571 1998 aurum
587 1932 684 2018 itque
700 1933 833 1998 ancillas
849 1933 930 2018 ‹ipus
952 1955 1040 1998 osse:
1062 1953 1174 2018 argen-
1200 1945 1238 1998 20

304 2042 374 2099 tum
389 2033 428 2099 lit
442 2033 544 2099 dares

166 2135 252 2200 ME.
278 2134 353 2199 min.
386 2124 462 2202 ΕΗ.
488 2135 592 2220 quid?
606 2135 696 2200 non?
723 2133 808 2200 ME.
834 2156 899 2198 non
922 2133 1065 2218 inquam.
1099 2132 1174 2199 CH.

304 2258 407 2322 nequo
423 2235 492 2321 ipse
507 2236 649 2322 gnitus?
672 2235 758 2300 ME.
771 2235 819 2299 nil
833 2233 992 2320 prorsirm‚
1005 2231 1169 2300 Chremes.

73 2336 140 2403 895
166 2336 270 2422 migis
286 2359 386 2401 unum
402 2336 501 2401 etiam
517 2336 648 2414 instare,
660 2345 699 2401 ut
713 2335 809 2400 hodie
825 2334 1037 2400 odnfioiantur
1048 2334 1189 2420 nuptiae.

167 2435 241 2504 ΘΗ.
259 2436 342 2501 mira
357 2457 479 2502 narras.
504 2437 582 2522 qnid
599 2434 702 2522 Syrus
717 2438 830 2502 mens?
844 2459 886 2501 ne
901 2437 930 2500 is
944 2436 1074 2522 quidem
1089 2435 1176 2520 quio-

178 2581 180 2586 ,
281 2578 285 2583 ι
303 2536 425 2622 quim?
455 2537 541 2602 ME.
557 2537 648 2602 nihil.
851 2532 854 2538 ’

162 2635 239 2705 GH.
260 2635 508 2722 quamobrem,
524 2637 640 2702 neseio.
673 2638 758 2703 ME.
772 2637 919 2722 equidem
935 2637 976 2704 id
993 2637 1102 2715 miror,
1119 2635 1175 2722 qui

202 2815 203 2818 Ἴ
304 2736 367 2802 iliu
381 2745 449 2802 tam
465 2736 560 2822 plnue
577 2736 667 2802 seins.

166 2837 223 2902 sid
237 2836 292 2903 ille
308 2845 398 2902 tuom
413 2836 539 2922 quoque'
556 2833 659 2923 Syrus
674 2837 759 2902 idem
775 2838 853 2902 mire
869 2837 965 2901 finxit
980 2836 1098 2914 filium,
1199 2847 1235 2900 25

123 2981 125 2986 ,
165 2936 204 3001 rit
217 2959 260 3001 ne
275 2935 444 3023 paulnhim
456 2936 587 3022 quidem
597 2937 803 3002 subolntisse
815 2937 951 3001 amiosm
961 2936 1046 3001 hane
1055 2933 1192 3002 Cliniae.

74 3037 140 3102 900
166 3035 242 3104 UH.
264 3036 344 3122 quid
370 3037 463 3122 agit?
503 3038 589 3102 ME.
612 3037 707 3102 mitto
732 3037 796 3102 iam
821 3037 957 3102 oseulari
986 3045 1083 3121 atque
1111 3035 1176 3100 im·

295 3135 447 3221 ¹plenarie
472 3137 506 3202 id
521 3136 569 3200 nss
584 3145 674 3223 puto.

165 3233 242 3303 UH.
258 3235 402 3321 quidest
417 3236 504 3322 quod
519 3236 657 3322 ampliris
678 3236 869 3302 simuletur?
888 3233 975 3302 ME.
988 3234 1073 3302 ull!
1097 3234 1172 3304 ΕΗ.

303 3335 382 3420 quid
397 3337 470 3401 est?
492 3337 578 3402 ME.
596 3337 674 3402 audi
687 3337 791 3401 modo.
1063 3380 1066 3388 ·

166 3435 216 3500 ist
229 3435 310 3500 mihi
326 3435 450 3502 ultimis
465 3438 617 3502 oonolaue
634 3438 668 3503 in
684 3437 816 3503 aedibus
832 3436 994 3523 quoddim
1009 3443 1115 3502 retro:

202 3643 251 3694 800
269 3643 332 3694 dum
351 3645 413 3696 odd.
433 3643 535 3709 Bentley
620 3645 668 3697 8οἸ
688 3662 704 3695 a
723 3647 807 3696 neseio
818 3644 954 3696 Menedemi
970 3645 1099 3695 milonem
1117 3643 1177 3695 inci-

165 3715 239 3780 piunt
250 3716 337 3767 codd:
351 3719 374 3767 it
383 3719 461 3768 miror
473 3718 504 3781 G,
515 3717 580 3769 unde
589 3719 617 3769 id
627 3718 719 3782 sumpsi
728 3735 771 3781 syo
839 3719 887 3768 808
898 3718 967 3768 idem
976 3714 1047 3769 11²1:
1059 3715 1140 3767 isdem
1151 3716 1177 3766 A

171 3789 220 3839 000
235 3789 341 3853 ιςίῐΔε
357 3792 425 3841 nist
502 3791 550 3840 902
566 3790 603 3841 sio
614 3788 686 3842 12¹0:
706 3792 900 3841 inultimisoett.

645 3913 685 3978 91
