2738 4356
155 282 211 341 1v.
224 281 255 342 iv
529 281 565 340 P.
589 281 780 342 TERENTI
806 283 910 343 AFRI

218 431 296 516 (666
311 427 544 494 ednuenturum
559 427 645 493 inter
660 451 718 494 668
733 430 867 514 posthae
882 430 1055 520 drbitror)‚

214 551 312 615 quam
327 529 369 594 ob
383 529 452 594 6666
467 528 641 594 redducam
652 530 667 593 ¹?
698 529 778 595 LA.
795 530 899 596 666666
913 531 1000 617 quod
1016 533 1116 598 suasit
1132 556 1201 614 866,
1250 535 1316 601 660

215 628 401 694 adulescens
416 627 533 694 mulier
546 627 635 693 feeit.
668 628 892 695 miranddmne
908 630 943 695 id
958 634 1031 697 est?

155 742 191 795 40
213 728 327 794 666866
345 736 378 793 te
389 749 482 814 posse
498 729 638 814 reperire
653 729 754 794 ullam
768 729 947 810 mfflierem,

215 851 298 914 quae
313 827 421 894 666666
436 829 556 914 eulpa?
579 850 622 893 66
637 829 794 914 quianon
810 829 978 895 delinetint
993 831 1081 897 uiri?

216 929 298 994 PH
316 929 439 994 uosmet
454 929 562 993 uidete
577 928 653 1007 idm,
671 927 796 994 Laches
812 938 846 995 et
860 939 897 996 tu
915 930 1093 1018 Pimphile,

144 1066 149 1075 ·
215 1029 372 1096 remissam
386 1051 467 1114 opus
482 1029 525 1094 816
541 1027 643 1106 66618,
660 1029 836 1096 redduetdn
852 1030 1000 1097 domum:
1249 1034 1315 1102 665

214 1138 332 1194 neutra
345 1129 380 1194 in
397 1152 431 1195 re
447 1128 539 1194 uobis
556 1128 730 1194 difficultas
747 1129 766 1194 6
781 1152 832 1194 me
848 1129 920 1195 erit.

154 1243 190 1295 45
214 1229 295 1294 6666
310 1228 389 1314 quid
404 1228 514 1308 faeiat,
530 1229 566 1293 in
582 1251 681 1293 manu
696 1251 761 1292 non
777 1230 826 1295 686
841 1251 922 1294 mea.

215 1328 271 1394 sed
286 1328 366 1414 quid
381 1328 537 1394 faciemus
552 1328 677 1415 piero?
709 1327 791 1393 LA.
808 1328 943 1394 ridicule
959 1353 1072 1416 roges:

215 1428 373 1514 quidquid
387 1428 577 1507 futurumst,
593 1429 669 1494 huie
685 1451 775 1494 suom
791 1429 907 1494 reddas
923 1429 1054 1509 sessieet,

215 1537 253 1594 ut
267 1528 391 1594 6166668
406 1537 561 1593 nostrum.
593 1527 677 1594 PA.
694 1551 789 1613 quem
804 1530 875 1614 ipse
890 1530 1034 1615 neglexit
1048 1539 1153 1616 pater,
1247 1534 1316 1600 670

214 1651 275 1715 ego
290 1629 398 1694 alim?
421 1627 502 1724 Lm.
519 1627 599 1714 quid
614 1627 720 1693 dixti?
747 1629 807 1693 eho
823 1651 864 1694 66
887 1627 953 1694 666
976 1630 1223 1710 6168668,Ρ661-

357 1727 468 1814 phile?

155 1839 191 1893 50
213 1827 383 1913 pmddmus
398 1849 517 1914 quaeso
532 1825 661 1913 p6tius?
683 1849 766 1914 quae
781 1828 862 1893 haee
877 1829 1075 1896 amentiast?

214 1929 300 1993 enim
315 1929 393 1994 6666
408 1950 539 2014 prorsus
554 1927 618 1992 itm
634 1935 741 1994 taeere
756 1927 821 1994 n6n
837 1951 938 2014 que03

213 2051 290 2093 nem
305 2027 392 2114 digis
408 2050 446 2093 66
457 2050 540 2113 quae
556 2025 630 2092 6616
645 2036 683 2093 66
698 2037 868 2113 praesente
884 2028 943 2094 1666
958 2029 1082 2116 loquar.

215 2127 363 2214 ignitum
378 2151 489 2193 denses
504 2129 632 2193 tudrum
648 2127 865 2194 lacrumarum
880 2129 948 2195 6886
964 2132 1042 2196 me?
1246 2131 1315 2200 675

214 2236 272 2294 666
287 2229 365 2314 quid
381 2229 425 2294 eit
439 2227 473 2292 id
489 2228 575 2313 quod
591 2226 762 2294 sdllieitere
778 2229 820 2294 ad
837 2228 922 2294 11666
937 2230 1091 2315 modum?

154 2342 190 2394 55
212 2328 352 2414 primum
368 2327 451 2393 16666
466 2328 523 2393 ubi
538 2327 621 2392 dixti
637 2328 776 2406 6668668,
792 2337 824 2394 66
840 2331 972 2415 propter
986 2337 1077 2396 tuam

214 2427 348 2493 matrem
363 2451 427 2493 non
444 2450 537 2514 posse
552 2427 669 2492 habere
685 2429 769 2493 hane
784 2430 915 2494 uxorem
932 2430 1028 2510 domi,
1124 2451 1126 2456 ·

213 2526 388 2612 pollicitast
404 2551 442 2592 66
457 2551 490 2593 86
506 2525 728 2592 666668866616
743 2550 784 2594 ex
798 2529 941 2596 aedibus.

213 2649 300 2692 nune
326 2626 496 2712 ptistquam
522 2629 706 2713 ademptam
732 2629 815 2695 hane
845 2628 973 2716 666666
988 2630 1063 2696 tibi
1091 2630 1220 2697 6668668
1246 2632 1315 2698 680

358 2727 458 2806 uides,

213 2828 293 2914 puer
308 2826 481 2912 quiedam
496 2836 530 2893 te
545 2836 596 2894 686
611 2827 718 2906 66668,
734 2837 849 2895 666668
864 2829 999 2896 6166666
1014 2853 1058 2896 68.

153 2941 188 2994 60
211 2927 309 3007 ernis,
325 2927 373 2991 tui
390 2927 489 2992 animi
506 2928 534 2992 sf
548 2950 599 2993 me
615 2951 684 2994 6886
699 2929 848 3014 ignerdm
864 2938 969 3014 66668.

213 3027 386 3114 6116666616
400 3028 532 3093 tandem
547 3029 611 3093 hue
627 3027 770 3094 (mimum
785 3037 823 3093 ut
838 3029 995 3114 adiunges
1011 3037 1109 3107 tuom,

212 3151 309 3214 quam
325 3127 455 3213 ldngum
472 3128 612 3214 spatium
629 3129 758 3194 amdndi
774 3129 909 3195 amieam
924 3129 984 3194 tibi
1000 3129 1093 3194 dedii

211 3228 359 3313 sumptis
374 3250 454 3313 quos
469 3228 576 3293 fecisti
591 3229 626 3293 in
642 3251 712 3294 eam
728 3253 824 3315 quam
840 3230 947 3294 animo
963 3228 1064 3315 aequ6
1078 3228 1159 3294 tuli!
1243 3230 1311 3298 685

209 3327 261 3414 egi
278 3328 375 3413 66666
390 3327 481 3392 oraui
496 3329 602 3394 66666]
618 3351 750 3394 uxorem
768 3337 804 3394 ut
819 3328 962 3408 (1666668,

151 3441 186 3494 65
210 3427 336 3513 templis
352 3426 421 3492 dixi
436 3449 522 3493 essex
546 3427 678 3514 inpdlsu
694 3428 817 3494 duxisti
830 3429 911 3494 meo}

215 3524 313 3616 [6666
328 3535 399 3593 tum
415 3525 584 3593 6bseeutus
600 3528 680 3592 mssii
696 3529 803 3593 fecisti
818 3537 856 3595 ut
870 3528 1046 3622 decuerat]
1140 3543 1144 3552 ’

258 3669 306 3720 eea
316 3647 379 3735 66
388 3668 474 3719 mad:
485 3669 677 3734 6666666
761 3673 816 3733 eet,
828 3671 875 3724 66
891 3672 985 3723 cumo
1001 3673 1084 3723 666
1100 3672 1215 3736 praetem

214 3746 301 3795 codd:
318 3755 410 3808 tramp.
424 3745 500 3795 Bothe
621 3745 669 3798 073
685 3745 827 3809 proemA:
843 3749 976 3810 promunt
1098 3745 1215 3807 688‚690

214 3817 310 3870 induxit
321 3816 423 3882 Bentley

700 3912 763 3982 232
