2738 4356
145 269 201 328 IV.
223 267 256 326 iii
506 267 541 324 P.
563 267 752 326 TERENTI
773 266 876 326 AFRI

206 413 328 478 nullsim
344 413 423 477 mihi
440 412 550 478 malim
566 435 663 497 quam
679 415 784 478 istanc
798 415 929 477 uxorem
945 412 1037 477 dari‘

206 513 287 579 AN.
304 515 416 578 utrum
431 513 570 578 stultitia
586 513 692 578 fecere
708 536 768 598 ego
784 513 869 577 huuc
886 537 927 578 an
944 512 1067 578 mulitia

144 627 180 681 55
203 613 318 691 dicem,
336 614 490 678 scientem
506 635 547 676 an
564 613 803 697 inprudentem,
819 613 961 678 incertus
978 635 1058 677 sum.
1238 615 1300 679 660

205 713 287 779 DE.
317 713 396 798 quid
424 714 451 778 si
480 713 620 777 enimam
647 712 768 777 debet?
813 712 889 780 GE.
924 713 1020 799 ‘sigen
1046 713 1214 798 oppositus

356 812 485 899 pignori

203 913 314 978 decem
329 911 371 977 db
391 913 494 976 minas
511 912 581 976 6663
614 911 695 976 DE.
714 910 773 996 {ege
794 933 864 997 age,
881 911 945 975 ism
967 912 1082 976 ducit:
1106 912 1200 977 dabo.

204 1013 281 1080 GE.
300 1013 483 1078 ‘aediculae
498 1011 575 1075 item
592 1021 668 1076 sunt
683 1010 725 1075 db
740 1012 849 1075 decem
867 1011 967 1075 elias!
1000 1012 1174 1090 DE.01'ei',

204 1112 380 1176 nimiumst.
420 1111 497 1178 UH.
513 1134 554 1175 ne
570 1112 687 1176 clama:
713 1111 849 1196 repetito
865 1112 958 1175 hasce
973 1133 993 1175 a
1008 1111 1058 1175 me
1073 1112 1193 1176 decem.

143 1227 179 1279 60
201 1213 278 1280 GE.
296 1210 407 1276 ‘uxdri
422 1211 562 1278 emunda
578 1211 780 1287 ancillulast3
803 1218 874 1275 tum
891 1211 1037 1295 phiscula
1236 1211 1299 1277 665
1354 1255 1355 1282 i

159 1362 163 1368 .
203 1311 400 1396 supellectile
417 1334 498 1395 opus
514 1320 583 1388 666;
607 1310 688 1396 dpus
704 1319 754 1376 666
770 1317 900 1396 sumptu
917 1310 959 1374 ad
974 1309 1124 1394 nuptias:

203 1413 252 1476 his
269 1412 365 1476 re'bus
381 1435 457 1476 6666
467 1413 572 1498 porro
588 1412 688 1496 pone'
704 1411 813 1496 inquit
829 1411 957 1474 ‘decem
977 1409 1141 1500 [minas].’

204 1513 285 1577 DE.
303 1512 462 1576 sescentas
477 1512 614 1597 proinde
630 1511 762 1575 scribito
777 1511 840 1574 iam
857 1510 937 1573 mssri
952 1510 1058 1574 dicas:

204 1612 251 1675 nil
267 1612 318 1677 do.
350 1613 522 1697 inpuratus
538 1633 589 1674 me
604 1611 658 1674 ssle
675 1619 712 1675 ut
727 1609 825 1675 etism
841 1610 1004 1675 inrideat?

144 1725 179 1778 65
208 1711 283 1778 CH.
300 1734 429 1796 quaeso,
445 1712 504 1797 ego
520 1712 614 1788 dabo,
631 1711 772 1796 quiesce:
798 1719 835 1773 tu
850 1710 944 1775 modo
958 1709 1067 1775 fssium
1236 1711 1299 1774 670
1355 1712 1356 1739 ¹

204 1811 257 1876 fac
272 1820 310 1877 66
324 1811 415 1877 sslsm
431 1811 537 1889 ducat,
555 1810 613 1875 666
629 1833 725 1896 quam
742 1811 901 1875 uolumus.
933 1810 1015 1877 AN.
1032 1811 1063 1875 ei
1077 1809 1176 1876 mihil

205 1909 301 1990 Geta,
318 1911 464 1977 decidisti
480 1912 531 1976 me
546 1911 611 1975 tuis
628 1910 775 1975 falliciis.

208 2011 284 2079 GH.
301 2035 372 2077 mee
387 2011 485 2077 06666
500 2012 637 2076 eicitur:
662 2012 712 2075 me
727 2010 787 2074 600
803 2019 852 2076 666
867 2033 1001 2096 aequom
1018 2011 1176 2076 amittere.

206 2112 282 2180 GE.
300 2112 473 2198 ‘quantum
490 2119 597 2196 potest
612 2134 662 2175 me
679 2111 866 2175 cerciorem’
884 2112 990 2196 inquil
1007 2111 1107 2190 ί1666,

145 2227 180 2280 70
204 2212 232 2277 si
248 2213 337 2278 illim
353 2213 443 2290 (1666,
460 2213 543 2277 hanc
559 2221 596 2276 66
611 2211 749 2289 mittam,
766 2234 807 2275 ne
823 2211 966 2275 16061666
982 2210 1059 2276 siem
1073 2235 1081 2288 ;
1236 2209 1297 2275 675

205 2335 280 2377 nam
297 2313 346 2376 illi
362 2312 440 2376 mihi
456 2313 564 2377 dotem
579 2312 643 2376 idm
659 2311 897 2376 6066616060666
912 2311 1012 2374 dare!

207 2411 281 2479 OH.
299 2413 362 2476 iam
378 2413 531 2497 accipiat:
556 2411 621 2476 illis
636 2410 806 2495 repudium
821 2410 986 2475 renuntiet
1000 2434 1008 2486 3

205 2513 288 2578 hanc
303 2513 409 2577 (16066.
442 2514 523 2577 DE.
540 2535 622 2597 quae
638 2511 768 2596 quidem
783 2511 832 2574 ssli
848 2532 899 2574 res
915 2511 1023 2574 uortdt
1038 2508 1141 2574 male!

206 2611 283 2679 GH.
299 2611 478 2697 opportune
493 2612 573 2676 odeo
588 2612 755 2695 argentum
772 2633 859 2674 nunc
875 2631 998 2673 mecum
1015 2609 1120 2686 666611,

146 2725 180 2778 75
204 2712 347 2776 fruetrim
363 2735 457 2796 quem
473 2710 590 2776 Lemni
606 2709 715 2774 uxdris
729 2710 870 2774 reddunt
885 2709 1035 2794 praedia:
1236 2709 1297 2774 680

205 2812 280 2877 inde
296 2812 439 2889 sdmam3
463 2810 555 2875 uxori
571 2809 633 2874 tibi
649 2831 729 2894 opus
745 2831 813 2873 6666
829 2809 951 2874 dixero.

145 3014 175 3073 iv
469 3013 674 3070 Aur11>n0
756 3009 870 3070 Gnrs
910 3069 912 3072 .

207 3141 288 3208 AN.
307 3139 402 3208 Geta.
436 3140 513 3208 GE.
530 3140 612 3205 hem.
645 3139 727 3204 AN.
745 3138 823 3225 quid
836 3139 956 3224 egisti?
978 3136 1054 3205 GE.
1072 3136 1203 3202 emunxi

358 3239 493 3327 argenti)
508 3263 609 3306 senes.

207 3342 288 3408 AN.
302 3341 387 3406 satin
402 3342 451 3406 666
467 3341 521 3405 id?
544 3338 621 3407 GE.
639 3338 745 3403 nescio
761 3338 882 3403 hercle:
900 3345 1028 3402 tantum
1044 3336 1150 3402 irissus
1167 3359 1248 3403 sum.

207 3442 289 3507 AN.
307 3443 376 3519 660,
393 3442 538 3519 uerbere,
555 3440 644 3504 aliud
659 3439 738 3503 667ιί
755 3439 927 3523 respondes
944 3439 981 3502 sic
997 3439 1096 3523 rogo?

241 3602 288 3650 662
297 3601 332 3651 sic
339 3599 490 3652 Fleckeisen:
504 3602 536 3650 ob
546 3601 630 3649 decem
641 3599 709 3648 codd.
791 3599 837 3648 ccl
847 3599 955 3660 repetito
962 3596 1114 3647 Fleckeisen:
1126 3599 1208 3661 petito

208 3672 278 3724 codd.
359 3673 406 3724 667
416 3691 490 3738 porro
499 3673 543 3721 ins.
556 3670 673 3721 Dziatzko
682 3680 736 3721 ante
745 3688 813 3729 sane,
822 3679 877 3720 ante
886 3688 950 3732 pone
954 3670 1028 3736 posui
1036 3685 1078 3733 690
1125 3671 1208 3722 minas

208 3744 262 3800 secl.
274 3744 376 3810 Bentley
457 3745 504 3796 670
514 3745 595 3796 filium
607 3742 645 3792 A:
662 3743 730 3792 lilius
741 3741 778 3792 A²
789 3759 841 3793 cum
853 3751 904 3794 cett.

698 3880 760 3947 182
