2704 4350
491 446 756 524 PROLOGVS

470 647 510 712 L.
543 645 778 715 AMBIVIVS

117 831 153 898 N
153 831 251 918 equoi
265 831 309 897 sit
324 839 469 896 uestrum
485 831 602 895 mirum
619 854 700 917 quor
714 831 816 916 pertis
831 831 900 897 seui

117 923 217 1027 po'e‘ta
232 939 359 1005 dederit
375 941 456 1027 quae'
472 948 547 1004 suut
564 940 823 1018 adulescentium,

118 1043 155 1106 id
170 1042 315 1128 primum
330 1041 445 1118 dicam,
461 1040 575 1104 deinde
591 1041 677 1124 quod
692 1041 766 1104 ueni
783 1041 922 1126 eloquar.

119 1165 162 1208 ex
177 1144 309 1226 integre
325 1139 451 1206 Graeca
464 1142 624 1224 integram
639 1140 832 1204 comoediam

75 1241 94 1308 5
119 1243 218 1308 hodie
238 1248 309 1306 sum
315 1249 455 1306 uncturus
471 1239 623 1304 Hesiton
639 1240 893 1304 timorimenon:
1135 1255 1152 1306 5

120 1343 244 1428 duplex
259 1363 341 1426 quae
356 1365 397 1406 ex
412 1341 600 1426 argumento
616 1340 703 1404 facta
719 1348 768 1405 est
784 1339 931 1426 simplici.

119 1465 242 1508 nouem
257 1442 325 1506 esse
341 1441 466 1505 ostendi
482 1448 516 1505 et
530 1461 611 1526 quae
627 1441 730 1506 esset:
754 1462 841 1504 nunc
856 1439 912 1526 qui
928 1439 1092 1525 scripserit

121 1550 155 1607 et
170 1541 269 1628 qu6ie
285 1539 411 1606 Graeca
427 1541 478 1619 sit,
494 1540 530 1604 ni
545 1549 669 1626 partem
686 1541 869 1605 minumam

121 1644 350 1707 existumarem
367 1642 447 1705 scire
462 1650 616 1718 uestrum,
632 1640 668 1704 id
683 1641 830 1705 dicerem.

56 1741 97 1806 10
122 1764 210 1807 nunc
226 1764 324 1826 quam
339 1741 380 1805 eb
396 1763 463 1805 rem
478 1741 536 1806 hes
553 1741 653 1826 partis
669 1741 835 1806 didicerim
850 1740 961 1827 paucis
977 1740 1070 1806 dabo.
1134 1755 1168 1806 10

122 1843 285 1906 oritorem
299 1864 367 1906 esse
383 1840 486 1905 udluit
501 1863 562 1919 me,
578 1864 641 1905 non
658 1840 848 1926 prdlogum:

123 1942 271 2007 uostmim
285 1940 439 2005 iudicium
454 1941 549 2005 fecit:
576 1963 625 2005 me
641 1942 779 2005 actorem
796 1940 895 2020 dedit,

124 2043 152 2106 si
166 2042 222 2106 hic
237 2043 326 2106 letor
341 2049 469 2104 tentum
484 2040 602 2125 peterit
618 2064 638 2104 a
652 2040 807 2105 facundis

111 2152 284 2228 -queutum
299 2141 353 2206 ssle
368 2140 475 2226 potuit
491 2139 631 2225 c6gitare
647 2138 820 2218 c6mm0de‚

57 2240 97 2308 15
123 2241 181 2328 qui
197 2242 372 2306 cretionem
388 2241 471 2304 hanc
487 2240 615 2324 scripsit
630 2262 726 2324 quam
742 2239 888 2304 dicttirus
904 2263 984 2305 sum.
1134 2253 1168 2306 15

122 2365 201 2408 nam
217 2340 303 2426 quid
317 2352 461 2404 'rumores
477 2339 673 2403 distulerunt
687 2339 840 2417 mdliuoli

123 2442 245 2506 multis
260 2439 492 2504 contamiuisse
508 2437 660 2516 Graecae,
678 2439 755 2502 diun
771 2438 851 2503 fucit

123 2542 244 2629 paucis
260 2539 415 2605 Latinas:
439 2538 474 2603 id
489 2561 557 2604 esse
572 2538 695 2604 factum
710 2539 761 2603 hic
777 2537 842 2603 n6n
858 2548 956 2624 negat

114 2631 229 2728 'neque
245 2641 278 2705 se
292 2639 401 2724 pigere
418 2647 450 2702 et
465 2638 579 2703 deinde
595 2639 759 2702 facturum
775 2639 931 2704 autumat.

58 2743 98 2807 20
123 2742 223 2806 habet
238 2741 395 2804 bonorum
412 2739 602 2824 exemplum,
618 2763 682 2823 quo
698 2738 844 2825 exempld
860 2739 922 2803 sibi
1135 2754 1172 2806 20

122 2842 219 2906 licere
235 2841 269 2905 id
285 2840 391 2904 facere
407 2838 494 2924 qued
507 2840 557 2903 illi
572 2840 720 2904 fecerint
736 2846 840 2924 putat.

123 2951 195 3007 tum
211 2939 298 3025 qudd
314 2938 484 3004 maliuolus
502 2941 594 3004 uetus
610 2943 704 3026 polita
720 2939 860 3016 dictitet,

123 3041 256 3126 repente
271 3039 314 3104 ad
330 3039 475 3104 studium
489 3040 575 3104 huuc
591 3063 624 3104 se
641 3039 818 3124 idplicasse
834 3038 1001 3117 musicum,
1064 3109 1069 3118 „

124 3142 263 3206 amicum
279 3139 410 3228 iugenio
426 3138 556 3216 fretum,
574 3139 661 3203 haud
675 3139 794 3204 nature
810 3162 886 3204 sua:

59 3241 100 3307 25
126 3241 298 3306 arbitrium
314 3248 471 3319 uestrum,
487 3237 597 3304 u6stra
612 3239 818 3304 existumetio

125 3341 257 3406 uulebit.
290 3363 355 3426 qua
370 3363 406 3404 re
421 3340 529 3405 orites
544 3340 647 3404 omnis
663 3339 720 3404 u6s
738 3341 819 3416 uolo,

126 3465 167 3507 ne
183 3441 256 3527 plris
273 3441 418 3525 iniquom
433 3439 534 3526 pdssit
550 3463 647 3524 quam
664 3461 799 3524 aequom
814 3437 926 3501 critic.

163 3586 179 3635 3
185 3593 241 3650 pest
247 3585 308 3634 lunc
317 3600 408 3634 casnm
415 3592 508 3647 ponunt
516 3599 554 3631 nn.
564 3583 646 3630 11-15
654 3581 799 3632 Drielzlcoet
807 3579 945 3630 Fleckeisen
1025 3580 1072 3629 6-9
1082 3579 1123 3630 ltus

131 3675 213 3708 naues
224 3657 358 3722 inprobent
369 3656 489 3706 Dziulzlco
500 3664 521 3706 et
535 3653 678 3710 Fleckeisen,
687 3658 750 3718 sort.
761 3663 822 3704 recle
901 3653 917 3701 6
933 3652 1043 3715 simplici
1053 3649 1124 3702 21²1:

133 3730 228 3795 duplici
241 3731 265 3778 A
348 3729 379 3778 13
395 3730 416 3778 si
429 3727 543 3791 Bentley:
560 3727 686 3778 sedccdd.
768 3728 799 3776 26
815 3724 967 3779 Fleckeisen:
984 3731 1126 3776 oratorum

134 3821 220 3859 omnes
232 3803 272 3856 B:
289 3803 370 3858 omnis
381 3819 426 3856 uos
437 3810 520 3855 cretos
532 3809 582 3851 een.

602 3868 644 3936 53
