2738 4356
126 247 164 305 V.
189 247 215 303 vi
509 250 543 306 P.
566 251 756 308 TERENTI
778 251 881 308 AFRI

128 407 162 458 10
193 390 269 459 GE.
288 392 416 476 uipula.
442 392 524 460 AN.
542 394 576 457 id
591 394 741 479 equidem
757 395 817 460 tssri
833 395 897 460 iem
912 397 969 462 fiet
984 397 1048 460 uisi
1063 397 1198 476 resistis,
1224 397 1287 464 850

120 531 122 536 ,
194 577 197 584 Ι
324 492 467 557 uerbere.

188 592 264 660 GE.
282 593 524 658 familiariorem
536 603 662 680 oportet
676 597 744 660 esse
755 598 860 661 hune:
878 597 1048 663 minitatur
1064 598 1197 663 melum.

187 693 330 758 sedisne
350 703 399 758 est
418 716 514 778 quem
533 687 651 779 quaero
674 696 715 759 im
737 698 823 760 non?
854 696 968 782 ipsust.
1005 695 1199 782 odngredere

324 795 477 859 astutum.
511 794 591 861 AN
610 795 776 879 quidest?

189 892 265 962 GE.
282 915 301 958 o
317 893 470 973 omnium,
486 894 674 979 quantumst
697 894 753 979 qui
776 895 901 974 uiuont‚
920 895 1014 961 homo
1032 897 1199 964 hominum

323 994 551 1059 ornatissumei

184 1094 260 1158 nim
276 1095 344 1158 sine
360 1095 579 1159 eontrondreia
594 1097 636 1160 ab
652 1095 701 1160 dis
718 1095 803 1160 solus
819 1096 963 1182 diligere,
976 1075 1135 1182 Antipho.

128 1208 161 1259 15
185 1193 266 1258 AN.
283 1195 330 1258 ita
346 1195 461 1272 uelim3
486 1197 542 1260 sed
565 1197 622 1280 qui
645 1197 728 1260 istuc
749 1196 876 1260 credam
892 1196 939 1261 ite
955 1198 1021 1262 isse
1037 1197 1117 1261 mihi
1131 1197 1199 1263 diei
1222 1197 1285 1265 855

324 1294 431 1359 uelim.

189 1392 265 1461 GE.
291 1395 393 1459 setino
416 1403 466 1460 est
490 1395 517 1459 si
540 1403 573 1459 te
598 1395 778 1460 delibutum
804 1397 922 1482 gaudio
950 1397 1074 1462 reddo?
1113 1396 1196 1465 AN.

323 1494 438 1560 enicas.

184 1594 268 1659 ΡΗ.
285 1596 411 1678 quintu
428 1595 504 1660 hino
519 1595 766 1680 pollioite‘rtiones
779 1597 872 1664 ariter
883 1606 916 1662 et
927 1597 1013 1682 quod
1028 1597 1094 1663 fers
1108 1598 1195 1663 aedo.

326 1694 402 1764 GE.
419 1696 471 1774 oh,

183 1795 221 1859 tri
245 1818 371 1880 quoque
394 1796 516 1874 ederas,
541 1795 716 1861 Phdrmio‘?
771 1797 854 1861 PH.
880 1798 1021 1864 aderam.
1076 1798 1131 1863 sed
1158 1807 1196 1863 tu

322 1898 450 1960 cessas?
488 1895 564 1963 GE.
583 1896 700 1982 decipe,
717 1920 786 1961 em:

182 1996 220 2062 rit
236 1996 329 2060 modo
341 1996 513 2080 argentum
525 1997 586 2060 tibi
598 1996 745 2061 dedimus
758 1998 844 2082 apud
856 1998 974 2076 forum,
987 1999 1076 2064 neoti
1087 1999 1218 2064 domum

125 2112 160 2163 20
184 2097 293 2160 sumus
309 2096 465 2182 proieoti;
482 2097 604 2160 interea
620 2096 721 2160 mittit
737 2099 809 2161 erus
826 2120 876 2162 me
889 2099 931 2162 ad
947 2099 1076 2163 uxorem
1093 2108 1193 2164 tuem.
1219 2100 1285 2165 860

184 2196 265 2262 AN.
283 2219 379 2281 quem
395 2195 435 2260 6b
451 2198 540 2260 rem?
584 2195 660 2263 GE.
677 2197 790 2261 omitto
810 2197 976 2283 proloqui3
1000 2221 1075 2262 nem
1091 2199 1138 2262 m'l
1153 2199 1195 2264 ed

321 2296 403 2360 hano
419 2305 529 2373 remst,
546 2277 702 2381 Antipho,

181 2395 237 2460 ribi
253 2396 287 2460 in
303 2418 499 2481 gynaeceum
514 2397 561 2461 ire
573 2396 705 2480 occipio,
719 2396 799 2481 prior
810 2397 851 2461 ed
868 2419 918 2462 me
930 2398 1073 2463 adcurrit
1089 2397 1194 2476 Mida,

182 2495 265 2580 pone
281 2496 411 2580 prendit
427 2495 536 2580 pallio,
553 2497 737 2580 resupinet:
754 2495 899 2581 respicio,
912 2520 990 2582 rogo

183 2619 279 2680 quam
292 2595 333 2660 ὁὶ)
346 2619 411 2660 rem
425 2596 563 2661 retineiet
576 2619 644 2660 me:
662 2596 709 2660 ait
724 2619 792 2660 esse
804 2597 943 2662 uetitum
955 2597 1039 2661 intro
1052 2597 1093 2661 ed
1106 2620 1194 2662 eram

322 2695 479 2760 accedere.

125 2811 160 2863 25
184 2794 374 2881 ‘Sophrona
394 2795 457 2859 hue
480 2795 614 2860 fratrem
637 2796 749 2884 quo’
767 2796 874 2881 iuquit
891 2797 995 2861 ‘seinis
1012 2796 1194 2861 introduxit
1218 2796 1283 2863 865

322 2895 514 2973 Chremem,’

182 2995 318 3080 erimque
339 3018 425 3059 nuno
442 3019 510 3060 esse
533 2997 621 3060 intus
641 3019 713 3060 oum
734 2996 808 3060 illis.
840 2995 900 3060 hdo
918 2996 974 3060 ubi
993 3019 1053 3082 ego
1071 2997 1193 3076 audiui,

322 3095 362 3159 ed
378 3095 463 3160 fores

182 3195 335 3280 suspenso
350 3195 454 3280 gradri
470 3195 594 3280 pleeide
610 3196 656 3260 ire
673 3197 808 3281 perrexi,
825 3195 953 3273 secessi,
971 3195 1069 3272 iustiti,

212 3355 260 3404 850
274 3355 368 3418 nepule
378 3352 412 3415 A,
424 3371 496 3418 qaam
510 3354 646 3406 locationem
662 3355 809 3417 adpnoscunt
823 3354 908 3404 Festus
919 3363 940 3404 et
957 3354 1037 3406 Varro
1049 3355 1093 3418 qai
1109 3355 1195 3406 Teren·

180 3426 240 3476 tiam
254 3426 278 3476 in
291 3427 435 3477 Phormione
446 3427 547 3477 laudat:
565 3429 699 3491 uepulnbis
711 3427 865 3478 A20DEP:
878 3428 1006 3492 nepulebo
1017 3427 1043 3476 B
1124 3429 1194 3492 equi·

180 3500 240 3548 dem
251 3517 298 3563 pro
314 3502 417 3564 quidem
430 3500 529 3564 scripsi3
550 3500 614 3562 qaod
628 3500 663 3549 ad
678 3508 774 3549 metram
793 3501 884 3558 attinet,
903 3501 935 3563 cf.
956 3517 994 3548 aa.
1013 3501 1071 3560 859,
1089 3501 1139 3548 877
1154 3501 1195 3550 abi

181 3581 326 3634 anapaestus
338 3570 460 3634 dactylum
472 3571 578 3634 sequitur
659 3573 752 3622 restitis
765 3572 788 3620 A
884 3572 931 3621 863
943 3572 1043 3634 prendit
1059 3570 1194 3622 Dziutzko:

180 3645 349 3706 apprehendit
360 3643 397 3694 ad
408 3645 570 3708 reprehendit
584 3643 654 3693 codd.
751 3645 798 3695 865
810 3643 961 3694 Fleckeisen:
977 3643 1108 3708 Sophrona
1118 3645 1195 3694 modo

180 3716 288 3765 fratrem
299 3716 349 3766 huo
360 3715 432 3766 codd.
