2704 4350
182 272 237 332 IV.
253 271 263 330 i
549 270 586 329 P.
607 269 795 330 TERENTI
824 270 927 330 AFRI
1014 285 1017 292 ’

231 416 306 486 SO.
329 417 432 504 perii:
458 417 536 504 quid
552 417 710 503 egofdoi?
741 415 816 484 GH.
843 415 1000 502 Rogitas?
1028 414 1102 483 80.
1123 417 1153 480 εἰ
1167 439 1236 503 pes

365 518 447 596 osui,
463 519 509 582 mi
525 515 688 596 Chremes,

227 617 367 684 insoiens
378 617 452 683 feei.
484 616 559 686 GH.
567 618 604 683 id
614 617 763 704 equidem
774 639 845 703 ego,
857 617 886 682 si
897 615 934 682 tri
946 638 1053 702 neges,
1064 615 1153 682 oertd
1162 617 1235 697 seio,
1333 615 1334 618 ’

182 733 219 786 2ο
228 726 262 783 te
276 717 465 783 inscientem
476 727 575 803 etque
583 717 812 803 inprudentem
824 717 931 782 dicere
941 739 979 782 ae
991 716 1098 782 faeere
1113 715 1236 783 omnio:

228 816 421 904 torpescam
432 817 466 882 in
476 817 537 882 hio
552 839 587 882 re
599 817 754 882 ostendis.
771 816 919 884 nimiam
930 816 1081 902 primum,
1093 818 1123 882 si
1131 839 1237 882 meum

228 917 398 1004 imperium
414 917 546 1002 exsequi
562 917 726 996 uoluisses,
742 918 970 1003 interemptam
985 915 1139 1002 oportuit,
1260 916 1321 982 635

228 1016 293 1083 n6n
309 1017 459 1084 simulare
474 1015 610 1082 mortem
625 1017 744 1095 uerbis,
760 1017 873 1103 reipse
889 1039 980 1103 spem
995 1016 1083 1082 uites
1097 1016 1185 1082 dare.

229 1116 263 1182 et
279 1117 314 1182 id
329 1117 462 1182 omitto:
481 1117 712 1201 miserioordie,
728 1116 855 1182 inimus
869 1116 1053 1183 metermis:
1078 1115 1158 1182 sino.

183 1211 219 1284 25
227 1216 324 1302 quim
333 1217 415 1282 bene
427 1239 505 1282 uero
515 1217 573 1281 abs
583 1217 616 1282 te
627 1224 865 1303 prospeotumst
874 1217 963 1304 qudd
972 1216 1103 1282 uoluisti
1112 1215 1237 1302 eogite:
1335 1213 1336 1220 '

228 1316 343 1403 nempe
357 1338 423 1382 anu
438 1316 486 1381 illi
502 1315 633 1402 prodito
647 1317 705 1382 abs
720 1325 754 1382 te
769 1316 873 1382 fssiast
887 1317 1096 1402 plenissume‚

166 1478 169 1484 .
228 1416 287 1502 per
301 1426 335 1482 te
350 1417 404 1482 nel
419 1416 469 1481 uti
483 1416 653 1504 quaestum
669 1417 792 1482 faeeret
807 1417 923 1482 ueluti
939 1416 1064 1482 ueniret
1079 1415 1198 1502 palam.
1260 1415 1320 1480 640

229 1515 334 1596 oredo,
349 1516 384 1582 id
395 1516 563 1602 eogitisti:
590 1516 738 1604 ‘quiduis
754 1516 833 1582 sitis
848 1526 897 1582 est
912 1517 991 1581 dum
1006 1515 1098 1582 uiuit
1112 1516 1228 1582 mod0.'
1336 1529 1337 1562 r

229 1616 309 1702 quid
330 1638 404 1682 oum
428 1616 494 1682 illis
509 1616 587 1703 agis
609 1617 666 1704 qui
689 1639 793 1704 neque
815 1616 866 1682 ius
888 1617 991 1702 neque
1006 1615 1127 1682 bonum
1142 1625 1239 1703 etque

366 1714 501 1802 aequom
518 1717 652 1783 sciunt?
1102 1727 1103 1730 ’

183 1815 343 1884 romelius
357 1816 459 1903 peius,
475 1815 579 1902 prosit
593 1817 688 1894 obsit,
705 1816 753 1882 nss
769 1816 882 1882 uident
897 1816 960 1882 nisi
974 1814 1061 1902 quod
1074 1815 1177 1882 lubet.

234 1915 309 1984 SO.
333 1917 379 1982 mi
394 1914 558 1996 Chremes,
574 1917 715 2003 peooiui‚
731 1917 857 1982 fateor-z
873 1916 995 1982 ninoor.
1027 1938 1114 1982 nuno
1128 1917 1190 1982 hoo
1205 1926 1239 1982 te

366 2015 506 2096 6bseoro‚

230 2115 352 2203 quinto
363 2125 437 2182 tuos
447 2125 498 2182 est
510 2116 636 2182 enimus
650 2118 766 2206 [natu]
780 2115 910 2202 grauior
922 2117 959 2182 eo
969 2117 1016 2182 sie
1025 2115 1250 2202 ignoscentior,
1260 2111 1318 2180 645

230 2215 268 2282 rit
283 2238 373 2282 meae
389 2217 547 2283 stultitiae
563 2219 597 2282 in
614 2217 740 2283 iustitio
754 2217 813 2281 turi
827 2216 871 2281 sit
886 2215 1010 2302 aliquid
1025 2216 1177 2301 praesidi.

238 2314 313 2384 OH.
338 2316 460 2382 scilieet
482 2317 631 2404 equidem
654 2316 739 2382 istuo
761 2316 885 2382 foetum
909 2315 1092 2402 igndsoam3
1115 2339 1238 2394 uerum,

368 2414 526 2495 Sostrata,

184 2515 312 2583 35msile
327 2515 420 2582 dooet
432 2525 467 2582 to
479 2517 550 2581 mea
559 2515 699 2582 feoilites
712 2516 825 2582 miilte.
858 2514 915 2582 sed
923 2515 1007 2581 istuc
1016 2515 1175 2602 quidquid
1190 2523 1241 2580 est

230 2615 296 2703 qui
314 2615 373 2680 hoo
388 2623 587 2701 oooeptumst
609 2615 707 2682 oerise
728 2615 867 2702 loquere.
903 2614 978 2683 SO.
1003 2623 1040 2680 ut
1063 2615 1182 2680 semeae
1206 2623 1240 2681 et

368 2715 484 2780 misere
499 2716 608 2780 omnes
625 2738 735 2780 sumus

231 2813 407 2900 religiosae,
424 2838 520 2901 quom
537 2815 758 2901 exponendam
774 2813 816 2879 d6
831 2813 890 2893 illi,
907 2814 948 2879 de
963 2813 1067 2899 digito
1083 2812 1216 2880 dnulum
1261 2810 1318 2879 650

230 2914 365 2980 detraho
380 2922 414 2980 et
429 2936 505 2980 eum
520 2914 593 2980 dieo
608 2924 646 2980 ut
661 2937 727 2980 una
743 2915 816 2980 oiim
832 2913 942 3000 puelle
956 2915 1154 2999 exponeretz

232 3015 261 3078 si
275 3022 464 3093 moreretur,
479 3037 521 3080 ne
536 3015 650 3100 expers
665 3015 768 3101 partis
783 3016 867 3080 esset
882 3014 923 3079 de
938 3015 1059 3079 nostris
1074 3013 1178 3080 bonis.

185 3125 222 3180 40
241 3112 316 3181 UH.
333 3115 417 3180 istuo
433 3123 534 3180 reete:
552 3114 749 3180 conseruesti
759 3124 792 3182 to
809 3116 906 3201 itque
917 3113 1016 3180 illem.
1052 3113 1127 3182 So.
1143 3115 1172 3180 is
1187 3113 1240 3180 hie

360 3223 411 3280 est
426 3214 553 3281 sinulus.

239 3312 314 3381 GH.
339 3313 425 3380 [inde
445 3315 569 3380 hebes?
603 3313 677 3382 SO.
701 3336 799 3400 quom
815 3313 950 3380 Bioohis
973 3336 1081 3380 seeum
1103 3313 1240 3381 eddrixit

361 3413 643 3493 adulescentulam,
679 3415 710 3481 S
713 3414 755 3482 1⁷.
779 3415 864 3494 hem,

260 3619 346 3670 ost-i
368 3619 410 3669 A:
433 3621 482 3671 etei
503 3624 522 3671 Σ
543 3629 565 3670 et
584 3619 710 3685 Eupraph.
806 3621 854 3671 638
876 3621 945 3686 qnod
967 3621 1058 3672 Bothe:
1084 3621 1146 3686 qnid
1165 3621 1235 3672 codd.

229 3692 278 3742 646
294 3691 430 3743 Deiotzko:
447 3701 542 3757 quanto
564 3701 592 3742 tn
611 3710 653 3742 me
672 3711 699 3742 ee
715 3694 788 3746 annis
809 3695 912 3756 grauior
929 3702 1002 3744 teoto
1019 3711 1047 3744 es
1067 3695 1236 3758 ignosoeutior

229 3762 329 3829 Bentley
408 3765 456 3815 649
472 3766 561 3816 misere
573 3763 728 3816 Fleckeisen:
744 3767 850 3816 misereo
861 3765 932 3816 codd.

736 3886 777 3952 86
