2736 4346
95 269 129 330 C.
159 267 351 328 SVETONI
380 267 643 342 TRANQVILLI
672 267 776 326 VITA
804 267 838 328 P.
864 266 1052 327 TERENTI
1080 269 1182 328 AFRI

56 416 318 493 <Megalens>ibus
332 415 408 474 ludis
421 416 534 474 initium
546 416 712 474 fabularum
726 414 889 473 dandarum
901 415 1013 486 feccrit,
1025 417 1072 474 nel
1084 416 1119 490 Q.
1129 417 1156 476 F
1156 415 1223 476 abio

58 513 195 572 Labeone
217 523 249 572 et
270 514 315 571 M.
331 512 465 590 Popillio,
481 513 625 571 consulari
642 521 765 590 utroque
783 532 817 571 ac
837 521 940 590 poeta;
962 512 1028 571 ideo
1047 513 1142 591 ipsum
1164 534 1221 573 non

58 609 182 666 iuuenes
197 608 354 684 designare
368 605 419 684 qui
435 627 465 664 se
480 607 622 665 adiuuare
636 607 781 680 dicantur,
797 609 849 667 sed
863 608 941 667 uiros
955 629 1080 687 quorum
1101 631 1220 688 operam
1265 617 1269 630 ’

59 705 129 763 etin
145 705 228 762 bello
243 704 318 762 etin
335 704 394 761 otio
409 697 440 761 et
456 702 489 760 in
508 703 626 780 negotio
645 704 770 781 populus
791 705 830 764 sit
853 715 1000 783 expertus.
1041 716 1108 784 post
1126 708 1221 767 editas

59 803 237 874 comoedias,
249 803 380 860 nondum
394 801 530 878 quintum
544 810 632 879 atque
645 802 818 861 uicesimum
838 803 985 881 ingressus
999 825 1119 878 annum,
1134 827 1222 866 causa

57 901 199 958 uitandac
211 897 359 976 opinionis
373 918 432 975 qua
444 898 602 956 uidebatur
615 897 712 957 aliena
725 919 778 976 pro
793 899 852 958 suis
865 901 962 973 edere,
977 922 1027 961 seu
1041 901 1222 980 percipiendi

59 995 245 1055 Graecorum
259 994 395 1053 instituta
407 1014 561 1071 moresque
575 1015 647 1072 quos
664 1015 723 1054 non
743 995 866 1074 perinde
887 998 1066 1075 exprimeret
1084 998 1117 1058 in
1135 999 1222 1076 scrip-

58 1094 103 1165 tis,
118 1113 258 1170 egressus
274 1091 347 1150 urbe
364 1100 409 1150 est
426 1111 522 1168 neque
542 1091 667 1169 amplius
688 1092 785 1152 rediit
827 1095 865 1153 de
881 1103 975 1174 morte
993 1095 1055 1155 eius
1068 1095 1221 1155 Volcatius

58 1190 97 1248 sic
111 1189 229 1248 tradit:

257 1317 318 1378 Sed
331 1327 365 1377 ut
377 1318 455 1376 Afer
468 1319 576 1397 populo
590 1340 641 1378 sex
656 1321 739 1381 dedit
752 1322 928 1395 comoedias,

256 1415 313 1473 iter
325 1415 394 1473 hinc
408 1415 439 1472 in
453 1415 559 1475 Asiam
573 1417 653 1477 fecit.
682 1427 715 1477 ut
728 1439 834 1478 nauem
848 1419 938 1478 semel

256 1511 432 1584 conscendit,
447 1512 526 1571 uisus
540 1534 702 1592 numquam
716 1525 776 1575 est:
798 1517 839 1576 sic
852 1517 915 1575 uita
927 1525 1023 1579 uacat.

59 1651 93 1725 Q.
115 1650 279 1712 Cosconius
296 1651 468 1709 redeuntem
487 1672 503 1710 e
523 1651 650 1714 Graecia
669 1655 780 1732 perisse
801 1655 833 1713 in
851 1655 927 1715 mari
947 1655 1019 1716 dicit
1032 1677 1098 1716 cum
1113 1657 1221 1716 fabulis

58 1748 209 1807 conuersis
223 1769 242 1806 a
255 1749 439 1806 Menandro:
459 1749 548 1807 ceteri
559 1759 706 1810 mortuum
720 1773 782 1811 esse
792 1752 964 1811 inArcadia
978 1753 1041 1812 siue
1055 1753 1221 1812 Leucadiae

57 1846 191 1916 tradunt,
207 1843 262 1904 Cn.
275 1844 412 1921 Cornelio
427 1845 582 1905 Dolabella
596 1848 639 1904 M.
651 1849 758 1907 Fuluio
771 1849 925 1908 Nobiliore
934 1849 1108 1922 consulibus,
1119 1851 1221 1909 morbo

58 1941 237 2018 implicitum
257 1961 294 1998 ex
316 1942 415 2000 dolore
429 1962 464 2002 ac
485 1943 582 2002 taedio
602 1944 776 2003 amissarum
795 1947 977 2005 sarcinarum
1000 1967 1072 2023 quas
1093 1947 1125 2004 in
1145 1967 1221 2005 naue

57 2037 263 2114 praemiserat,
284 2058 318 2096 ac
336 2038 424 2096 simul
444 2037 613 2098 fabularum
634 2061 706 2118 quas
727 2062 818 2100 nouas
839 2043 959 2101 fecerat.
1000 2043 1092 2101 fuisse
1113 2043 1222 2103 dicitur

58 2132 201 2191 mediocri
216 2141 335 2202 statura,
348 2134 451 2212 gracili
461 2155 590 2212 corpore,
604 2136 699 2193 colore
709 2135 801 2194 fusco.
831 2138 949 2215 reliquit
960 2139 1062 2210 filiam,
1072 2160 1146 2217 quae
1157 2149 1222 2216 post

57 2229 149 2307 equiti
163 2230 300 2289 Romano
313 2231 419 2308 nupsit,
433 2231 505 2290 item
519 2231 649 2291 hortulos
661 2253 703 2290 xx
722 2232 855 2311 iugerum
874 2234 923 2293 uia
936 2236 1036 2313 Appia
1050 2236 1088 2296 ad
1103 2237 1220 2296 Martis.

58 2347 117 2404 qno
137 2325 234 2403 magis
255 2325 346 2384 miror
374 2326 514 2385 Porcium
534 2328 678 2386 scribere:
702 2329 820 2408 ‘Scipio
846 2331 920 2388 nihil
944 2331 971 2390 ei
998 2332 1118 2408 profuit,
1147 2333 1221 2390 nihil

59 2423 190 2496 laelius,
205 2422 279 2480 nihil
293 2420 419 2479 Furius:
441 2442 542 2480 eorum
556 2423 606 2481 ille
621 2445 710 2501 opera
723 2446 760 2483 ne
774 2427 891 2485 domum
908 2427 1026 2504 quidem
1040 2429 1142 2487 habuit
1156 2450 1222 2488 con-

58 2519 239 2580 ducticiam!
274 2519 353 2577 hunc
368 2518 516 2578 Afranius
529 2519 648 2596 quidem
662 2521 796 2580 omnibus
810 2522 927 2582 comicis
941 2524 1081 2601 praefert,
1093 2526 1221 2584 scribens

58 2618 89 2674 in
104 2617 340 2694 Compitalibus:

305 2756 427 2816 Terenti
441 2777 501 2815 non
514 2755 694 2815 consimilem
707 2755 788 2814 dicas
802 2757 979 2834 quempiam.

61 2901 215 2961 Volcatius
236 2912 334 2962 antem
348 2925 408 2962 non
423 2904 517 2962 solum
538 2903 655 2961 Naeuio
669 2912 699 2962 et
718 2903 825 2961 Plauto
839 2912 869 2961 et
889 2903 1026 2977 Caecilio,
1042 2906 1093 2965 sed
1108 2906 1222 2966 Licinio

63 3019 176 3076 quoque
191 3007 222 3059 et
236 2999 329 3060 Atilio
343 3001 501 3078 postponit
531 2999 634 3060 Cicero
647 2999 678 3056 in
692 2999 816 3058 Limone
830 3000 970 3060 hactenus
983 3001 1102 3061 laudat:

244 3138 291 3196 Tu
304 3159 429 3216 quoque,
444 3138 495 3216 qui
510 3139 587 3197 solus
600 3138 675 3197 lecto
690 3159 831 3211 sermone,
846 3138 976 3211 Terenti,

244 3255 417 3293 conuersum
430 3255 658 3312 expressumque
671 3235 765 3294 latina
778 3256 850 3294 uoce
865 3236 1063 3294 Menandrum

245 3330 275 3387 in
289 3332 420 3390 medium
434 3331 518 3389 nobis
532 3331 641 3390 sedatis
655 3331 782 3390 motibus
796 3333 895 3404 effers,

245 3428 386 3503 quiddam
400 3449 482 3487 come
495 3429 618 3505 loquens
631 3436 720 3505 atque
734 3427 837 3487 omnia.
845 3427 944 3486 dulcia
957 3427 1128 3488 miscens-

65 3561 136 3621 item
150 3561 186 3622 Ο.
201 3562 329 3622 Caesar:

246 3701 292 3760 Tu
306 3723 429 3779 quoque,
445 3711 477 3762 tu
492 3703 521 3760 in
536 3703 666 3773 summis,
682 3724 699 3761 o
713 3702 868 3762 dimidiato
883 3703 1058 3776 Menander,

246 3799 370 3882 poneris,
386 3809 415 3858 et
429 3800 544 3874 merito,
558 3800 625 3878 puri
639 3801 780 3858 sermonis
794 3809 915 3858 amator.

635 3899 654 3962 3
