2736 4352
551 287 780 348 EVNVCHVS
1126 291 1183 349 IV.
1199 293 1230 349 iii

286 501 481 561 Prraras
561 503 724 561 D0a1as
805 502 1038 562 Parrum
1186 503 1217 560 iii

165 625 248 692 ΡΥ.
275 601 342 691 Vbi
357 649 417 710 ego
432 625 523 690 illum
533 626 725 692 seeler6sum
737 626 853 690 misera
865 634 961 712 atque
976 627 1102 712 inpium
1117 625 1163 691 in-

301 726 454 792 ueniam?
484 727 541 791 aar
557 727 613 792 ubi
630 728 804 811 quaeram?

164 824 468 892 hacinetamaudax
478 826 605 891 facinus
615 826 721 892 faeere
731 849 799 890 esse
809 825 940 891 misum!
962 827 1044 892 PH.
1061 826 1162 912 perii:

300 926 361 990 hoe
376 927 454 1011 quid
471 926 512 990 sit
529 949 650 991 uereor.

87 1023 141 1090 645
164 1025 247 1090 ΡΥ.
273 1026 466 1112 quinetiam
488 1027 619 1112 insuper
641 1026 753 1104 scelus,
770 1034 940 1112 postquam
963 1025 1163 1092 hidifieatust

301 1126 471 1211 uirginem,

164 1235 286 1290 uestem
296 1224 422 1290 6111111111
433 1227 566 1292 miserae
577 1227 717 1305 discidit,
725 1234 796 1291 tum
804 1227 906 1311 ipsam
916 1226 1032 1311 capillo
1042 1224 1205 1292 ednseidit.

164 1325 247 1390 PH.
273 1326 356 1390 hem.
389 1326 473 1391 ΡΥ.
498 1327 555 1411 qui
570 1349 656 1392 nune
672 1327 698 1391 si
714 1327 810 1391 11116111·
826 1327 915 1405 mihi,
1188 1341 1232 1392 5.

164 1434 200 1489 ut
216 1448 276 1510 ego
292 1425 455 1510 anguibus
470 1427 566 1491 facile
581 1427 630 1491 ssli
645 1427 678 1490 in
696 1427 803 1492 oeulos
820 1427 961 1492 inuelem
978 1425 1137 1492 uene‘fiao!

163 1525 247 1590 PH.
265 1525 370 1590 nescio
380 1525 459 1610 quid
468 1527 612 1611 profecto
621 1527 753 1592 absente
763 1527 855 1591 nabis
866 1527 1064 1592 turbatfimst
1074 1527 1169 1592 domi.

84 1621 141 1688 656
163 1625 269 1689 11111110.
302 1626 381 1710 quid
404 1626 512 1690 istuc?
542 1627 621 1711 quid
641 1627 802 1692 festinas?
833 1626 890 1692 ar'rt
913 1650 1008 1714 quem
1026 1628 1163 1712 quaeris,

301 1722 461 1808 Pythias?

164 1823 248 1888 ΡΥ.
273 1823 364 1889 ehem
382 1824 552 1903 Phaedria,
565 1848 624 1910 ego
640 1848 735 1910 quem
750 1827 924 1912 quaeram?
948 1827 992 1890 in’
1009 1827 1084 1892 hine
1099 1849 1163 1912 quo

301 1923 430 2008 dfgnu’s
445 1947 519 1988 eum
534 1925 627 1990 donis
642 1925 707 1990 tuis
1013 1973 1015 1982 .

163 2031 230 2087 tam
245 2023 385 2108 lepidis?
416 2024 500 2089 PH.
525 2025 604 2108 quid
619 2025 702 2089 istuc
718 2027 766 2090 est
782 2028 856 2090 re'r'?
1189 2041 1223 2092 10

164 2123 248 2188 ΡΥ.
273 2123 367 2208 rogas
392 2125 466 2189 me?
497 2125 679 2196 eunuchum
703 2126 798 2209 quem
823 2126 942 2190 dedisti
969 2124 1061 2191 nabis
1084 2149 1164 2212 quas

300 2223 412 2286 turbas
428 2221 535 2288 dedit!

163 2323 258 2406 quam
275 2316 349 2386 erae
365 2323 450 2386 dono
465 2323 597 2388 dederat
613 2324 714 2402 miles,
731 2324 891 2410 ur'rginem
907 2324 1046 2389 uitiauit.
1079 2325 1162 2408 PH.

301 2422 379 2507 quid
395 2423 469 2486 a'r's?

85 2517 141 2584 655
164 2520 247 2586 ΡΥ.
273 2521 365 2607 perii.
391 2522 474 2587 PH.
491 2522 702 2588 temulentas,
729 2524 813 2590 ΡΥ.
832 2523 956 2588 utinam
969 2525 1014 2588 sr'c
1027 2525 1094 2589 sint
1108 2525 1164 2610 qui
1235 2529 1238 2539 '

300 2621 379 2684 mihi
396 2622 478 2686 male
494 2622 626 2686 uolunt!

164 2719 246 2789 DO.
274 2743 317 2785 au
337 2720 478 2799 ebsecro,
503 2745 574 2786 mea
597 2722 743 2807 Pythias,
765 2724 851 2807 quod
874 2723 957 2788 istuc
980 2745 1056 2788 nam
1079 2746 1165 2787 mon-

301 2820 405 2885 strlim
419 2821 508 2885 fuit?

163 2919 246 2985 PH.
272 2920 412 2984 insanis:
437 2921 493 3005 qui
511 2921 596 2985 istuc
611 2922 719 2986 faeere
735 2922 899 2986 eunuchus
916 2921 1047 3008 patuit?
1078 2919 1163 2988 ΡΥ.
1190 2937 1223 2988 15

300 3042 359 3104 ego
375 3020 467 3085 illum
482 3022 587 3086 neseio

163 3118 218 3204 qui
235 3118 355 3196 {fieriu
378 3121 438 3185 hoe
454 3123 540 3206 quod
555 3121 643 3198 fe'eit,
661 3144 712 3184 res
728 3120 799 3206 ipsa
814 3122 945 3186 indicat.
1189 3201 1193 3206 ἱ

163 3219 255 3305 uirgo
271 3219 343 3304 ipsa
357 3220 515 3286 lacrumat
530 3221 644 3306 neque,
657 3245 753 3306 quom
770 3222 899 3306 rogites,
915 3221 994 3306 quid
1010 3221 1053 3285 sit
1068 3221 1166 3286 audet

300 3319 416 3385 dicere.

86 3412 141 3478 666
163 3417 216 3483 ille
228 3418 336 3483 alitem
350 3420 453 3484 bonus
465 3421 517 3484 uir
528 3420 686 3506 nfisquam
698 3421 842 3505 adparet.
867 3421 964 3486 etiam
976 3421 1036 3485 hoe
1048 3421 1166 3486 misera

300 3541 455 3604 suspreor,

193 3677 451 3799 651οΞΞο11111111ΣΑ1
499 3679 509 3729 i
514 3695 562 3743 pro
572 3679 607 3728 in’
617 3676 654 3728 Al
734 3678 783 3728 654
802 3678 923 3730 Ooaradt:
943 3679 1069 3742 uirginem
1080 3697 1158 3743 quam

163 3765 242 3799 eraec
294 3786 299 3799 .

618 3888 682 3956 129
