2736 4346
168 233 202 294 Ο
230 232 415 293 SVETONI
443 233 707 306 TRANQVILLI
732 233 837 291 VITA
865 233 899 290 P.
926 232 1114 291 TERENTI
1141 233 1253 292 AFRI
1355 251 1356 326 p

126 380 245 437 initium
259 379 378 455 quidem
393 379 511 438 fabulae
513 381 611 457 ,quod
625 389 689 439 erat
703 400 758 438 con
759 379 913 456 temptiore
926 379 1044 452 uestitu,
1054 380 1213 438 subsellio
1204 389 1305 439 iuxta
1355 367 1356 436 l

126 476 267 535 lectulum
280 476 412 534 residens
426 477 542 552 legisse,
557 485 623 552 post
640 497 748 554 paucos
763 497 833 534 uero
848 497 951 534 uersus
971 476 1113 535 inuitatus
1127 485 1161 535 ut
1173 498 1305 535 accum-
1355 469 1356 522 l

126 573 210 630 beret
224 592 342 631 cenasse
356 593 424 643 una,
440 573 508 631 dein
522 582 620 630 cetera
636 573 851 649 percucurrisse
871 593 930 631 non
951 574 1014 631 sine
1034 593 1142 650 magna
1163 573 1304 633 Caecilii

127 669 330 728 admiratione.
369 677 398 728 et
420 671 495 728 hanc
519 678 618 726 autem
640 678 669 727 et
691 669 820 746 quinque
844 670 972 746 reliquas
997 670 1158 746 aequaliter
1178 672 1303 748 populo

127 767 283 843 probauit;
303 766 438 842 quamuis
454 766 606 824 Volcatius
620 767 651 822 in
665 766 898 824 dinumeratione
913 767 1044 824 omnium
1057 767 1099 825 ita
1112 767 1239 826 scribat:

388 878 511 939 Simitur
526 879 646 937 Hecura
660 888 743 938 sexta
757 881 901 938 exclusast
914 880 1024 938 fabula.

127 993 288 1051 Eunuchus
302 993 422 1069 quidem
436 993 482 1050 bis
495 992 669 1069 dei<nceps>
686 1001 752 1050 acta
767 1002 811 1050 est
824 993 990 1069 meruitque
1004 994 1132 1071 pretium
1143 1003 1300 1071 quantum

127 1090 208 1147 nulla
235 1098 323 1148 antea
350 1089 523 1165 cuiusquam
550 1089 710 1161 comoedia,
734 1098 798 1147 octo
825 1089 908 1147 milia
936 1110 1096 1148 nummum.
1129 1100 1301 1168 propterea

127 1206 241 1244 summa
255 1206 369 1262 quoque
384 1186 470 1244 titulo
484 1185 648 1244 ascribitur.
730 1183 748 1220 *¹
840 1183 858 1220 *¹
946 1185 965 1221 ⁴⁵
1052 1186 1069 1222 *⁵
1161 1186 1180 1222 ⁴⁵
1230 1186 1299 1237 r*

127 1293 1297 1332 sssssssssss*

126 1395 197 1433 nam
208 1375 411 1452 Adelphorum
422 1375 599 1452 principium
611 1377 707 1433 Varro
718 1375 808 1434 etiam
818 1376 950 1452 praefert
959 1357 1104 1452 principio
1115 1376 1295 1434 Menandri.

127 1492 186 1529 non
208 1472 330 1529 obscura
350 1471 432 1529 fama
446 1480 490 1529 est
504 1472 637 1529 adiutum
659 1471 831 1529 Terentium
845 1471 876 1528 in
891 1471 1006 1548 scriptis
1021 1493 1039 1529 a
1053 1472 1155 1529 Laelio
1177 1481 1205 1530 et
1229 1473 1297 1531 Sci-

126 1569 231 1645 pione:
254 1588 376 1644 eamque
396 1568 459 1644 ipse
480 1568 573 1637 auxit,
588 1589 748 1644 numquam
764 1567 820 1625 nisi
833 1568 939 1625 leuiter
952 1588 983 1624 se
997 1568 1087 1625 tutari
1109 1577 1242 1641 conatus,
1258 1578 1298 1626 ut

127 1665 160 1723 in
172 1664 293 1741 prologo
308 1665 531 1758 Adelphorum:

288 1778 368 1834 Nam
383 1778 461 1853 quod
475 1777 525 1835 isti
539 1778 641 1836 dicunt
653 1778 801 1849 maleuoli‚
816 1777 950 1835 homines
964 1776 1076 1835 nobiles

288 1875 365 1931 hunc
379 1874 513 1932 adiutare
527 1875 700 1950 assidueque
714 1895 774 1932 una
788 1875 931 1932 scribere:

288 1972 367 2048 quod
380 1970 424 2027 illi
439 1971 627 2028 maledictum
641 1972 798 2029 uehemens
813 1992 875 2029 esse
890 1971 1078 2044 existumant,

290 2088 355 2126 eam
369 2068 488 2125 laudem
502 2068 549 2125 hic
564 2068 645 2126 ducit
658 2089 838 2140 maxumam,
854 2089 942 2144 quom
956 2069 1014 2126 illis
1027 2068 1126 2146 placet

289 2165 339 2242 qui
352 2165 435 2222 uobis
449 2165 595 2222 uniuorsis
610 2175 639 2222 et
652 2165 759 2241 populo
773 2166 898 2242 placent,

289 2288 413 2344 quorum
427 2289 515 2346 opera
529 2268 560 2325 in
573 2263 658 2340 bello,
674 2268 705 2325 in
720 2268 787 2340 otiu,
802 2268 834 2324 in
847 2267 965 2345 negotio

289 2386 340 2423 suo
355 2366 476 2442 quisque
490 2374 621 2442 tempore
634 2374 717 2423 usust
731 2365 793 2423 sine
807 2366 952 2442 superbia.

128 2480 246 2538 uidetur
261 2489 359 2538 autem
372 2480 465 2537 leuius
480 2501 509 2537 se
525 2480 701 2548 defendisse,
716 2480 786 2556 quio
799 2479 909 2538 sciebat
924 2479 1024 2537 Laelio
1039 2488 1069 2538 et
1083 2478 1212 2556 Scipioni
1227 2499 1293 2536 non

129 2576 276 2653 ingratam
291 2598 352 2635 esse
366 2579 443 2635 hanc
458 2578 642 2653 opinionem:
663 2597 737 2652 quae
747 2585 811 2634 tum
825 2577 919 2653 magis
931 2586 960 2635 et
970 2597 1061 2654 usque
1072 2577 1110 2634 ad
1124 2577 1294 2653 posteriora

129 2682 263 2749 tempora
275 2674 379 2732 ualuit·
408 2674 442 2733 C.
455 2675 613 2732 Memmius
627 2674 659 2730 in
673 2674 804 2731 oratione
815 2694 868 2749 pro
883 2694 913 2730 se
930 2674 982 2730 ίΡ.
994 2674 1155 2732 Africanus
1168 2675 1175 2698 ’
1190 2673 1293 2749 inquit

130 2774 166 2827 ‘a
179 2770 319 2828 Terentio
333 2792 486 2847 personam
501 2779 660 2841 mutuatus,
676 2790 750 2846 quae
765 2770 846 2827 domi
860 2771 970 2829 luserat
984 2770 1055 2846 ipse,
1070 2771 1187 2828 nomine
1208 2770 1290 2827 illius

128 2866 161 2924 in
175 2887 311 2924 scaenam
322 2868 446 2926 detulit?
475 2869 575 2943 Nepos
590 2877 707 2925 auctore
721 2875 801 2932 certo
816 2868 991 2943 comperisse
1005 2888 1035 2926 se
1050 2868 1092 2926 ait
1106 2867 1139 2926 O.
1153 2866 1289 2925 Laelium

129 2963 278 3040 quondam
298 2964 330 3020 in
351 2965 513 3022 Puteolano
540 2964 675 3022 kalendis
699 2964 814 3021 martiis
836 2965 1018 3022 admonitum
1040 2965 1076 3022 ab
1097 2984 1187 3022 uxore
1216 2971 1291 3021 tem-

129 3060 228 3136 perius
249 3068 282 3117 ut
302 3060 498 3118 discumberet
521 3060 629 3136 petisse
651 3060 688 3117 ab
706 3081 741 3118 ea
759 3080 795 3117 ne
811 3079 841 3117 se
858 3060 1068 3136 interpellaret,
1083 3080 1204 3136 seroque
1225 3068 1290 3117 tan-

129 3157 198 3214 dem
211 3156 375 3232 ingressum
391 3157 552 3215 triclinium
574 3157 681 3215 dixisse
703 3177 761 3213 non
783 3177 869 3232 saepe
890 3156 921 3212 in
942 3156 1095 3214 scribendo
1115 3155 1210 3232 magis
1231 3156 1288 3213 sibi

130 3252 316 3319 successisse;
348 3253 454 3311 deiude
478 3261 614 3329 rogatum
638 3261 671 3310 ut
693 3252 801 3328 scripta
828 3253 879 3310 illa
906 3252 1061 3328 proferret,
1083 3251 1288 3327 pronuntiasse

128 3369 231 3406 uersus
245 3349 296 3424 qui
310 3358 378 3407 sunt
391 3349 422 3405 in
437 3348 577 3407 Heauton
592 3348 804 3407 timorumeno:

270 3461 348 3520 Satis
362 3463 411 3537 pol
425 3471 561 3539 proterue
576 3483 623 3519 me
639 3461 706 3539 Syri
721 3462 865 3537 promissa
878 3463 934 3520 huc
949 3462 1139 3519 induxerunt.

129 3574 238 3632 Santra
262 3575 434 3662 Terentium
462 3576 619 3646 existimat,
645 3575 669 3633 si
694 3576 781 3633 modo
805 3576 835 3632 in
859 3576 1012 3633 scribendo
1041 3574 1224 3632 adiutoribus
1247 3574 1288 3631 in·

129 3670 267 3746 dignerit,
283 3692 341 3728 non
356 3681 416 3729 tam
432 3672 568 3747 Scipione
586 3681 614 3730 et
632 3671 734 3729 Laelio
753 3672 797 3728 uti
815 3672 952 3746 potuisse,
968 3672 1018 3746 qui
1032 3681 1101 3729 tunc
1122 3671 1288 3729 adulescen-

128 3766 185 3830 tuli
208 3767 329 3839 fuerint,
354 3787 444 3844 quam
471 3767 505 3827 C.
535 3767 665 3845 Sulpicio
694 3767 790 3838 Gallo,
818 3767 936 3831 homine
964 3768 1060 3840 docto,
1085 3787 1143 3844 quo
1167 3769 1284 3836 consido

695 3866 716 3941 2
