2704 4350
552 271 722 333 ANDRIA
1135 269 1161 330 1.
1177 271 1208 330 u
1334 319 1337 348 ,

136 444 196 486 nec
211 421 291 506 quid
309 443 403 506 agam
419 428 584 498 certumst,
603 417 851 504 Pamphilumne
868 417 1009 482 adiitem
1026 439 1069 482 an
1086 439 1156 482 aus-

245 533 248 536 ’
276 521 394 586 cultem
411 520 489 585 seni.

53 620 112 685 210
137 622 164 685 si
172 621 268 685 illum
277 621 434 706 relinquo,
443 621 512 686 eius
522 620 609 686 uitae
618 620 730 696 time03
747 620 797 684 sin
805 617 956 704 opitulor,
964 617 1060 682 huius
1068 616 1209 695 minant

136 721 213 806 quoi
235 721 337 785 uerba
357 721 434 785 dare
453 719 635 785 difficilest:
660 719 801 806 primum
822 718 887 782 iim
909 717 949 782 de
969 739 1077 782 amore
1096 717 1156 781 hoc

277 819 450 906 cdmperit3

135 943 189 985 me
204 920 351 984 infensus
367 929 485 998 seruat,
496 921 537 984 nd
548 941 646 1005 quam
661 919 779 984 faciam
794 916 829 982 in
844 915 969 1002 niptiis
982 914 1154 982 {alliciam

136 1020 165 1084 si
176 1020 322 1098 senserit,
332 1019 436 1105 perii:
465 1021 556 1108 [aut]
570 1020 598 1083 si
609 1019 747 1085 lubitum
761 1017 872 1096 hierit,
884 1039 1014 1082 causam
1024 1016 1156 1102 ceperit,

136 1143 202 1204 quo
211 1119 281 1184 irire
291 1143 418 1206 quaque
426 1119 544 1184 iniuria
551 1118 760 1204 praecipitem
769 1117 854 1209 [me]
862 1116 897 1182 in
905 1116 1080 1203 pistrimim
1088 1115 1189 1182 dubit.

53 1217 112 1283 215
137 1220 179 1284 au
200 1219 280 1284 uase
300 1220 386 1284 man
406 1220 466 1284 hoc
487 1219 532 1283 mi
553 1218 676 1284 acccc
696 1218 809 1284 enam:
833 1219 912 1282 use
932 1200 1071 1295 muria
1175 1231 1210 1282 ιο

137 1319 166 1383 si
181 1320 245 1384 ista
260 1319 342 1382 uxor
358 1320 426 1383 siue
441 1319 584 1398 amicast,
601 1318 770 1404 grauidae
786 1316 998 1404 Pamphilost.

75 1493 78 1502 Ι
137 1419 315 1502 audireque
330 1427 472 1483 eorumst
486 1416 601 1503 ‹iper-ae
616 1418 757 1504 pretium
771 1417 941 1482 audiciam*

141 1521 236 1604 (nam
252 1519 423 1603 inceptiost
438 1518 623 1596 amentium,
632 1517 720 1583 haud
735 1516 931 1603 amintium)
947 1541 955 1582 τ

137 1618 295 1703 quidquid
311 1618 487 1704 peperisset
502 1619 715 1683 decreuerunt
729 1616 851 1693 tdllere,

54 1716 114 1780 220
138 1727 171 1783 et
185 1719 321 1803 fingunt
335 1718 497 1804 quandam
512 1719 597 1783 inter
612 1741 646 1782 se
661 1740 749 1781 nunc
763 1717 926 1782 fallisciam
1173 1729 1208 1780 15

139 1818 242 1882 ciuem
259 1801 405 1884 Atticam
420 1840 488 1884 esse
504 1819 606 1883 hanc:
630 1818 717 1882 ‘hiit
732 1817 809 1880 olim
821 1817 896 1882 ltine
908 1815 1038 1902 quidam
1055 1837 1152 1880 senex

139 1917 316 1995 mer-caton
339 1941 456 1984 nauem
470 1919 499 1983 is
514 1918 613 2004 fregit
628 1918 716 2004 apud
731 1916 882 1982 Andrum
897 1916 1055 1994 insulam3

139 2018 263 2083 isdbiit
277 2019 435 2084 mortem!
467 2019 513 2084 ibi
528 2026 598 2083 tum
614 2019 698 2084 hinc
714 2019 847 2083 eiectam
864 2015 1033 2103 Chrysidis

139 2119 265 2204 patrem
280 2118 434 2204 recepisse
450 2118 571 2197 (iubam,
586 2142 731 2206 paruam.
762 2117 911 2184 fibulael

57 2213 116 2282 225
140 2219 182 2282 mi
199 2218 350 2304 equidem
366 2219 473 2284 hercle
490 2243 555 2284 non
570 2221 609 2284 fit
626 2219 695 2284 ueri
714 2218 835 2306 simile3
863 2226 960 2304 atque
979 2216 1057 2302 ipsis
1075 2238 1157 2281 com·
1172 2229 1208 2282 20

276 2319 423 2382 mentum
439 2319 554 2406 placet.

141 2419 194 2484 sed
204 2417 312 2506 Mysis
325 2418 366 2484 ab
379 2441 418 2483 ea
426 2420 600 2504 egreditur.
629 2428 664 2484 at
672 2441 731 2504 ego
740 2417 815 2483 hinc
825 2439 876 2481 me
887 2416 927 2481 td
938 2417 1046 2507 iorum
1057 2439 1065 2479 ε
1086 2414 1159 2505 [ut]
1174 2447 1194 2465 τ·
1228 2451 1231 2460 ν
1242 2456 1246 2463 ·

140 2519 327 2584 conueniam
343 2517 561 2604 Pamphilum,
577 2541 619 2582 ne
635 2518 675 2582 de
691 2519 750 2582 hac
766 2539 802 2581 re
818 2518 912 2601 piter
928 2515 1156 2600 inprudentem

277 2617 448 2704 dpprimat.

462 2755 465 2760 '
570 2749 705 2809 Mus1s
1179 2745 1218 2806 iv¹

140 2879 222 2945 MY.
236 2881 372 2958 Audiui,
385 2879 549 2967 Archylis,
560 2880 625 2946 iam
638 2880 776 2945 dudum:
790 2878 942 2945 Lesbiam
954 2876 1073 2944 adduci
1083 2877 1184 2941 iubes.

140 2981 217 3045 sine
231 2981 287 3066 pol
302 2981 358 3046 illa
372 2981 580 3047 temulentast
595 2980 711 3045 mulier
726 2989 760 3046 et
776 2979 947 3044 temeraria

60 3076 118 3142 230
140 3081 196 3144 nec
213 3081 291 3144 satis
307 3080 405 3165 digna
420 3081 497 3165 quoi
512 3081 693 3146 committas
708 3081 813 3166 primo
828 3088 925 3164 partu
941 3077 1118 3142 mulierem.

141 3180 249 3244 taimen
265 3199 335 3245 eam·
351 3180 532 3244 adducam?
552 3180 820 3265 inportunitatem
836 3186 978 3264 spectate
995 3177 1155 3241 aniculae:

140 3280 217 3365 quia
231 3279 410 3364 compotrix
426 3280 493 3344 eius
509 3288 568 3345 est.
600 3280 645 3357 di,
660 3280 735 3345 dete
750 3279 940 3344 facilitatem
957 3275 1087 3341 6bsecrc
1193 3289 1210 3341 5

141 3379 214 3444 huic
229 3378 382 3465 pariuudi
398 3388 494 3465 atque
510 3379 560 3444 ssli
576 3380 610 3442 in
626 3379 699 3444 aliis
714 3377 822 3464 pdtius
837 3376 993 3463 peccandi
1007 3369 1122 3441 locum.

176 3506 224 3555 213
240 3513 285 3556 aut
301 3503 395 3555 seclusit
414 3504 522 3555 Conradt
576 3539 580 3548 ·
619 3503 858 3555 216siGnilelmus:
876 3505 961 3554 siue!
1035 3503 1081 3552 221
1099 3501 1158 3551 hinc

146 3577 205 3626 add.
219 3576 320 3640 Bentley
411 3579 458 3626 225
470 3579 505 3626 mi
516 3577 634 3641 equidem
649 3578 749 3642 scripsi:
774 3577 915 3640 miquidem
927 3574 1080 3624 Fleckeisen:
1097 3575 1161 3623 mihi

147 3650 280 3712 quidem!
360 3651 409 3700 226
420 3657 450 3699 ut
460 3648 513 3698 secl.
527 3649 637 3700 Conradt
732 3651 780 3700 228
792 3648 912 3712 Archylis
924 3645 1039 3711 Bentley:
1055 3646 1159 3696 archilia
1196 3693 1199 3702 Α

147 3730 188 3770 ant
198 3722 342 3773 ambillis}
438 3721 485 3771 232
496 3723 649 3771 facilitatem
662 3722 699 3772 G:
716 3721 868 3772 facultatem
878 3729 930 3770 cett.

614 3860 704 3926 13*
